2775 4192
829 189 918 241 DE
961 188 1332 240 CATILINAE
1378 187 1911 242 conmmmoun.
2345 189 2425 253 17

283 352 472 415 metsi
497 350 808 434 praesidia
835 353 1236 434 parabantur,
1267 359 1336 414 et
1361 353 1497 433 ipse
1536 351 1681 436 lege
1708 351 1959 414 Plautia
1983 352 2329 431 interroga·

281 458 390 511 tus
417 457 554 510 erat
578 450 660 510 ab
688 451 758 511 L.
783 449 1021 514 Paullo.
1084 449 1413 542 Rpstremo
1438 449 1865 510 dissimulandi
1894 469 2085 510 causa
2104 449 2203 510 vel
2232 449 2329 509 sui

285 545 697 626 expurgandi,
721 545 911 607 sicuti
935 545 1146 636 jurgio
1147 545 1501 609 lacessitus
1505 547 1745 624 ἐρῶς’
1728 565 1793 606 ιιι
1822 553 2113 607 senatum
2131 546 2325 608 venit.

283 643 446 704 Tum
473 643 557 705 Μ.
587 643 830 703 Tullius
857 643 1096 719 consul,
1125 641 1258 704 sive
1301 642 1723 722 praesentiam
1763 643 1899 723 ejus
1942 644 2167 704 timens
2194 641 2325 704 sive

283 741 380 800 ira
407 747 777 816 commotus,
809 739 1152 801 orationem
1197 739 1420 799 habuit
1456 739 1839 800 luculentam
1878 747 2069 818 atque
2110 739 2325 801 utilem
2394 753 2425 801 ⁶

282 839 374 902 rei
410 836 716 917 publicae,
761 857 948 917 quam
993 848 1216 916 postea
1261 835 1555 916 scriptam
1596 836 1816 914 edidit.
1898 837 2025 898 Sed
2068 837 2175 898 ubi
2222 835 2327 899 ille

283 936 546 1012 assedit,
575 933 865 1011 Catilina,
890 941 966 995 ut
1007 939 1144 995 erat
1186 939 1439 1012 paratus
1482 934 1565 994 ad
1607 932 2053 1010 dissimulanda
2094 934 2325 1011 omnia,

156 1039 163 1043 ’
284 1030 562 1092 demisso
547 1030 772 1114 Lultu
811 1051 968 1094 voce
1009 1029 1280 1112 supplici
1319 1029 1638 1109 postulare
1681 1053 1720 1092 a
1767 1030 2055 1110 patribus
2094 1031 2325 1111 coepit,

284 1149 366 1189 ne
393 1129 548 1209 quid
575 1129 654 1188 de
695 1149 764 1188 se
804 1135 1044 1189 temere
1081 1126 1409 1210 credere-nt
1436 1145 1454 1204 ς
1495 1147 1573 1188 ea
1613 1127 1848 1188 familia
1886 1137 2113 1214 ortQ,
2140 1129 2230 1188 ita
2256 1149 2327 1190 se

283 1226 368 1288 ab
405 1225 834 1286 adulescentia
877 1223 1076 1286 vitam
1117 1223 1487 1301 instituisse,
1520 1232 1595 1286 ut
1642 1224 1849 1286 omnia
1891 1226 2057 1286 bona
2102 1225 2170 1286 in
2212 1245 2325 1306 spe
2362 1231 2427 1282 10

281 1323 584 1406 habet-en
623 1343 704 1383 ne
733 1320 1168 1397 existimarant
1193 1319 1316 1382 sibi
1341 1321 1613 1401 patricio
1638 1320 1895 1400 homini,
1920 1323 2099 1402 cujus
2124 1323 2327 1404 ipsius

284 1427 478 1500 atque
519 1420 827 1500 majorum
871 1417 1138 1498 plurima
1162 1417 1467 1479 beneficia
1512 1417 1579 1478 in
1625 1419 1927 1498 populum
1972 1419 2325 1480 Romanum

283 1523 521 1597 esth,
547 1517 798 1596 per-,dita
837 1535 904 1576 re
947 1514 1197 1594 publica
1241 1533 1605 1594 opus-fisse,
1636 1533 1825 1595 quum
1868 1537 2003 1576 eam
2049 1525 2327 1596 serva-1:912

285 1613 368 1676 M.
397 1612 658 1691 Tullius,
697 1612 1038 1693 inquilinus
1079 1611 1238 1672 civis
1277 1600 1455 1672 urbis
1494 1611 1749 1675 Romae.
1833 1612 1943 1674 Ad
1980 1613 2099 1674 hoc
2138 1614 2325 1676 male·

284 1713 460 1771 dicta
486 1710 611 1770 alia
636 1730 828 1790 quum
869 1710 1146 1788 add-emt,
1175 1707 1543 1788 obstrepere
1582 1729 1817 1786 omnes,
1844 1709 2087 1770 hostem
2130 1720 2323 1791 atque
2360 1723 2423 1772 15

285 1807 648 1888 parricidam
675 1826 918 1868 vocare.
1001 1806 1160 1866 Tum
1201 1803 1308 1866 ille
1350 1804 1746 1882 furibundus,
1775 1808 1814 1838 ‘⁶
1832 1805 2157 1884 Quoniam
2182 1810 2321 1888 qui-

285 1905 430 1965 dem
474 1905 940 1964 circumventus
953 1903 990 1934 ”
1035 1902 1243 1982 inquit
1292 1902 1415 1963 “ab
1463 1903 1753 1964 inimicia
1791 1923 2097 1984 praeceps
2136 1924 2319 1984 αρον,

285 2000 656 2062 incendium
683 2020 892 2060 meum
917 2002 1118 2061 ruina
1143 1999 1603 2082 restium-qm?
1913 2040 1966 2086 Χ

405 2099 682 2160 XXXII.
732 2099 978 2160 Deinde
1025 2119 1096 2160 se
1143 2119 1224 2158 ex
1271 2098 1443 2159 curia
1491 2101 1741 2161 domum
1790 2101 2119 2188 prorip-iijt.
2222 2101 2323 2164 Ibi

282 2196 482 2258 multa
523 2198 659 2276 ipse
706 2217 918 2258 secum
968 2196 1246 2284 νοῇ-998,
1293 2197 1466 2278 quod
1514 2217 1719 2278 neque
1770 2199 2037 2262 insidiae
2080 2200 2323 2262 consuli
2356 2213 2423 2262 20

285 2295 708 2374 procedebant
761 2301 828 2354 et
885 2294 965 2354 ab
1020 2293 1310 2356 incendio
1357 2295 1773 2376 intellegebat
1824 2299 2039 2360 urbem
2086 2297 2323 2378 vigiliis

285 2363 934 2481 munjtarn30ptimum
961 2395 1138 2456 factu
1159 2394 1420 2456 credens
1440 2394 1777 2456 exercitum
1800 2379 2032 2476 augere
2054 2417 2127 2456 ac
2146 2398 2321 2476 prius

284 2511 471 2579 ψέξῃ-ι
514 2490 794 2571 legiones
839 2487 1258 2552 scriberentur
1299 2491 1501 2552 multa
1542 2501 1909 2571 antecapere
1954 2513 2115 2571 quae
2156 2493 2323 2554 bello

281 2590 428 2664 usu-ij
479 2589 702 2665 foQt,
751 2595 939 2648 nocte
993 2587 1376 2667 intempesta
1432 2608 1573 2648 cum
1626 2589 1847 2666 paucis
1892 2590 1959 2650 in
2006 2589 2323 2650 Manliana

284 2693 488 2745 castra
515 2685 837 2764 prof-egius
865 2691 982 2746 est.
1068 2685 1192 2746 Sed
1221 2684 1506 2765 Cethego
1532 2693 1725 2764 atque
1754 2685 2040 2764 Lentu10‚
2068 2688 2320 2748 ceteris·
2356 2693 2419 2744 25

285 2801 406 2860 que
435 2801 694 2858 quorum
723 2789 1102 2860 cognoverat
1140 2787 1492 2860 promptam
1532 2780 1874 2858 audaciam,
1902 2784 2160 2842 mandat
2188 2784 2321 2862 qui-

283 2879 402 2940 bus
430 2878 616 2940 rebus
641 2877 888 2958 possint
907 2897 1062 2956 opes
1080 2877 1376 2938 factionis
1398 2878 1777 2954 confirment,
1799 2878 2057 2940 insidias
2082 2879 2324 2940 consuli

285 2981 620 3052 maturent,
650 2975 923 3051 caedem,
955 2973 1242 3035 incendia
1269 2973 1518 3053 aliaque
1559 2974 1710 3035 belli
1749 2975 2029 3036 facinora
2054 2984 2277 3055 parent
2302 2996 2323 3052 ς

283 3093 422 3132 sese
448 3073 814 3150 propediem
844 3090 986 3131 cum
1011 3092 1243 3152 mag-no
1263 3073 1549 3133 exercitu
1570 3073 1646 3131 ad
1675 3072 1889 3131 urbem
1920 3093 2322 3134 accessurum.

405 3169 718 3232 XXXIII.
763 3169 930 3229 Dum
971 3168 1123 3230 haec
1169 3169 1403 3231 Romae
1451 3177 1773 3248 geruntur,
1816 3169 1884 3230 C.
1930 3169 2203 3231 Manlius
2244 3193 2321 3231 ex
2356 3185 2425 3234 80

287 3287 402 3326 suo
429 3285 688 3326 numero
730 3266 976 3346 legatos
1017 3267 1100 3326 ad
1139 3265 1439 3326 Marcium
1482 3265 1723 3344 Regem
1764 3265 1965 3325 mittit
1992 3287 2129 3328 cum
2159 3287 2325 3327 man-

285 3364 452 3422 datis
479 3362 1066 3443 hujuscemnd1“
1084 3362 1254 3423 Deos
1280 3362 1683 3441 hominesque
1712 3369 2033 3450 testamur,
2062 3365 2325 3445 impera-

286 3467 406 3536 tor,
449 3479 565 3519 nos
612 3479 794 3518 arma
827 3478 1033 3537 neque
1079 3466 1299 3519 contra
1345 3460 1617 3538 patriam
1664 3460 1905 3541 cepi-se
1951 3482 2156 3541 neque
2172 3483 2325 3575 quo

286 3555 626 3636 periculum
649 3555 788 3616 aliis
814 3556 1176 3632 saep-remus,
1199 3556 1312 3617 sed
1337 3555 1434 3616 uti
1462 3577 1721 3635 corpora
1748 3565 1962 3619 nostra
1988 3559 2115 3620 ab
2096 3558 2325 3639 mjuria

283 3659 426 3714 tuta
473 3654 719 3715 forent·
703 3698 722 3729 ,
764 3653 890 3730 qui,
919 3633 1146 3727 miseri,
1175 3661 1459 3731 egentes,
1490 3652 1791 3715 violentia
1832 3661 2023 3733 atque
2066 3656 2327 3716 crudeli·
2358 3665 2423 3714 8⁶

287 3756 424 3810 tate
459 3749 947 3824 faeneratorum,
971 3746 1254 3826 plerique
1278 3747 1549 3835 paQ
1510 3721 1675 3808 ‘'‘sed
1702 3769 1919 3809 omnes
1944 3751 2109 3809 fama
2136 3757 2325 3829 atque

281 3845 583 3906 foi-timis·
603 3835 896 3922 expertes
937 3859 1194 3904 sumus·
1247 3861 1459 3920 neque-
1500 3843 1785 3920 cuiquam
1826 3850 2109 3904 nostrum
2148 3843 2325 3904 licuit

1440 4044 1470 4058 N
