2775 4192
798 205 888 258 mr
929 203 1297 256 mmmm
1341 199 1875 255 communita
2414 199 2457 265 ἰ

309 377 410 432 ter
433 369 758 447 habuerat,
787 369 926 430 loca
951 387 1234 445 amoena,
1259 365 1631 449 voluptaria,
1652 362 1834 425 facile
1864 361 1931 424 in
1956 361 2093 424 otio
2117 362 2359 424 feroces

307 466 580 529 militum
621 466 866 526 animos
907 464 1319 526 molliverant.
1420 463 1521 523 Ibi
1566 461 1831 542 primum
1872 461 2147 522 insuevit
2186 479 2359 521 exerb

311 566 480 625 citus
515 561 740 644 populi
777 559 1044 620 Romani
1085 579 1316 638 amare,
1355 565 1600 638 potare,
1628 557 1829 637 signa,
1859 556 2105 617 tabulas
2130 555 2359 635 pictas,

310 682 465 723 vasa
503 660 748 721 caelata
787 657 1018 736 mirari,
1045 677 1122 719 ea
1147 656 1442 738 privatim
1470 665 1538 716 et
1563 653 1811 736 publice
1836 671 2075 734 rapere,
2100 651 2360 714 delubra

311 759 600 840 spoliare,
628 776 800 818 mera
838 755 1224 834 profanaque
1257 755 1473 815 omnia
1508 753 1801 833 polluere.
1886 751 1919 812 1
1967 753 2091 810 'tur
2112 749 2177 854 ej
2202 748 2359 810 mili·
2422 763 2457 814 ⁸

309 864 414 918 tes
453 837 789 938 postquam
839 851 1164 914 victoriam
1211 851 1432 932 adepti
1478 855 1649 929 sunt,
1694 847 1855 910 nihil
2014 831 2128 928 (Ϊυῖ
2170 845 2358 922 {ictis

309 954 539 1016 fecere.
623 951 878 1032 Quippe
905 949 1216 1011 secundae
1242 969 1344 1010 res
1369 947 1753 1028 sapientium
1780 945 2015 1032 animos
2040 943 2315 1024 fatigant
2338 963 2359 1023 3

313 1071 394 1112 ne
419 1049 515 1122 ini
541 1031 847 1130 corruptis
871 1046 1148 1109 moribus
1175 1046 1482 1132 ‚vj-ctoriae
1512 1017 1950 1126 temperarent.
2288 1029 2394 1086 *7*

413 1137 586 1209 'm
628 1149 972 1226 Postquam
1025 1143 1288 1206 divitiae
1343 1125 1567 1203 hbrldri
1618 1161 1761 1204 esse
1806 1161 2089 1222 coepere,
2136 1147 2205 1200 et
2248 1159 2359 1201 eas

314 1244 537 1327 gloria,
577 1244 924 1326 imperium,
967 1241 1254 1324 potentia
1307 1240 1703 1320 sequebatur,
1744 1239 2081 1300 hebescere
2132 1237 2355 1315 virtus,
2392 1255 2459 1306 10

316 1350 658 1423 paupertas
681 1342 910 1423 probro
934 1320 1172 1416 haberi,
1200 1327 1562 1402 innocentia
1598 1357 1713 1417 pro
1746 1333 2185 1397 malevolentia
2216 1334 2359 1422 duci

317 1441 542 1520 coepit.
626 1421 836 1521 Igitur
860 1459 942 1499 ex
967 1437 1212 1499 divitiis
1253 1429 1653 1516 juventutem
1690 1432 1937 1494 luxuria
1978 1439 2170 1512 atque
2213 1452 2357 1494 ava·

277 1533 284 1540 ’
317 1536 464 1597 ritia
503 1557 640 1598 cum
667 1535 956 1616 superbia
983 1535 1300 1597 invasere:
1343 1553 1583 1613 rapere,
1614 1551 1997 1606 consumere,
2026 1549 2141 1590 sua
2180 1527 2359 1609 parvi

317 1634 611 1719 pendere,
638 1631 840 1720 aliena
865 1653 1090 1714 cupere
1117 1651 1136 1709 ς
1174 1631 1507 1711 pudorem,
1517 1627 1907 1710 pudicitiam,
1928 1626 2141 1688 divina
2166 1633 2357 1706 atque

318 1730 590 1790 humana
635 1729 1004 1810 promiscua,
1053 1727 1215 1788 nihil
1261 1715 1442 1808 pensi
1494 1747 1698 1808 neque
1751 1724 2061 1787 moderati
2106 1722 2353 1785 habere.
2394 1737 2457 1786 ιο

321 1827 568 1908 Operae
607 1825 890 1907 pretium'
917 1835 1034 1904 est,
1063 1846 1254 1906 quum
1295 1826 1513 1886 domos
1554 1830 1747 1904 atque
1772 1822 1957 1884 villas
1996 1819 2359 1901 cognoveris

319 1924 389 1986 in
433 1924 676 1988 urbium
722 1925 976 1986 modum
1021 1923 1487 1999 exaedificatas,
1537 1923 1737 1984 visere
1790 1919 2029 2001 templa
2078 1918 2354 1995 deorum,

319 2041 482 2102 quae
517 2021 719 2083 nostri
752 2021 1038 2104 majores,
1077 2019 1542 2101 religiosissimi
1582 2017 1895 2098 mortales,
1924 2018 2153 2080 fecere.
2234 2015 2360 2077 Ve-

318 2139 454 2180 rum
483 2118 576 2179 illi
602 2118 857 2180 delubra
883 2119 1141 2179 deorum
1169 2118 1431 2197 pietate,
1458 2117 1676 2178 domos
1703 2137 1849 2178 suas
1874 2113 2080 2197 gloria
2106 2115 2357 2176 decora-

319 2215 497 2293 bant,
542 2235 746 2295 neque
791 2185 976 2304 Q
1029 2217 1356 2296 quicquam
1412 2222 1665 2296 praeter
1718 2213 1981 2294 injuriae
2037 2211 2359 2275 licentiam
2392 2225 2459 2272 20

321 2314 691 2394 eripiebant.
780 2313 870 2374 At
911 2314 978 2390 hi
991 2367 1004 2382 ,
1017 2323 1253 2389 contra,
1281 2311 1677 2396 ignarissimi
1715 2311 2016 2390 homines,
2040 2331 2157 2393 per
2194 2331 2359 2372 sum·

320 2430 490 2471 mum
529 2410 734 2472 scelus
773 2409 981 2472 omnia
1019 2431 1096 2472 ea
1137 2409 1326 2473 sociis
1367 2409 1663 2485 adimere,
1692 2429 1853 2490 quae
1891 2409 2217 2492 fortissimi
2244 2409 2360 2471 viri

282 2507 601 2598 3320po
633 2507 1046 2589 reliqum-ante
1087 2507 1354 2589 proinde
1394 2497 1576 2588 quas'i
1616 2506 1907 2588 injuriam
1936 2507 2135 2569 facere
2160 2506 2225 2568 id
2254 2507 2359 2584 de-

316 2624 490 2665 mum
517 2612 684 2667 esset
707 2605 972 2685 imper-ib
1000 2607 1113 2669 uti.
1806 2591 1815 2602 ’

441 2701 625 2764 XIII.
668 2701 834 2763 Nam
859 2701 1012 2782 quid
1037 2723 1114 2764 ea
1140 2723 1495 2780 memorem,
1525 2722 1686 2783 quae
1726 2701 1849 2764 nisi
1889 2703 1985 2765 eis
2011 2700 2121 2782 qui
2144 2701 2359 2764 videre
2392 2717 2459 2768 2⁸

317 2797 553 2859 nemini
594 2797 914 2859 eredibilia
956 2805 1125 2877 sunt,
1170 2821 1208 2860 a
1253 2799 1515 2878 privatis
1562 2798 1984 2877 compluribus
2030 2798 2363 2860 subversos

317 2905 590 2972 montes,
617 2893 815 2955 maria
853 2903 1170 2957 constrata
1212 2915 1350 2956 esse
1367 2897 1403 2959 ’ἒ
1480 2894 1725 2970 Quibus
1762 2895 1919 2957 mihi
1942 2896 2235 2958 videntur
2274 2896 2363 2955 lu-

317 2961 734 3078 dffl'gi'offfuisse
753 2992 1014 3054 divitiae
1041 3011 1060 3070 3
1100 2993 1355 3074 quippe,
1379 3012 1537 3073 quas
1563 2993 1827 3055 honeste
1850 2993 2083 3055 habere
2108 2992 2361 3069 licebat,

318 3087 500 3148 abuti
541 3107 656 3168 per
695 3089 1152 3168 turpitudinem
1194 3091 1631 3169 properabant.
1716 3089 1842 3150 Sed
1882 3087 2080 3148 libido
2120 3109 2364 3169 ganeae

317 3183 634 3264 ceterique
655 3185 862 3247 cultus
884 3205 1011 3246 non
1030 3186 1230 3248 minor
1255 3187 1595 3248 incesserat
1620 3205 1638 3262 3
1678 3186 1970 3247 vescendi
1988 3204 2177 3245 causa
2194 3191 2362 3270 terra
2396 3209 2464 3259 80

318 3281 598 3360 marique
616 3284 828 3343 omnia
849 3284 1174 3362 exquirere
1202 3303 1220 3359 3
1263 3283 1531 3344 dormire
1557 3282 1735 3362 prius
1756 3299 1942 3360 quam
1970 3281 2169 3343 somni
2196 3282 2364 3363 cupi-

319 3377 406 3439 do
431 3385 636 3459 esset3
675 3393 804 3439 non
843 3379 1074 3439 famem
1115 3387 1226 3440 aut
1267 3371 1459 3456 sitim,
1486 3399 1689 3458 neque
1715 3380 1917 3460 frig-us
1944 3398 2147 3458 neque
2186 3377 2363 3441 lassi-

317 3471 603 3535 tudinem
647 3474 943 3555 opperiri,
987 3475 1101 3536 sed
1145 3494 1220 3537 ea
1263 3476 1473 3536 omnia
1514 3474 1667 3536 luxu
1709 3481 2103 3556 antecapere.
2186 3475 2367 3538 Haeo

315 3571 736 3652 juventutem,
781 3565 894 3632 'ubi
937 3570 1274 3633 familiares
1319 3591 1476 3652 opes
1524 3571 1913 3649 defecerant,
1956 3573 2039 3634 ad
2084 3572 2365 3635 facinora

317 3667 778 3731 incendebantz
833 3667 1078 3728 animus
1114 3660 1399 3729 'imbutus
1443 3668 1627 3730 malis
1674 3669 1909 3730 artibus
1962 3669 2131 3730 haud
2178 3669 2365 3750 facile
2398 3691 2465 3741 85

317 3764 682 3828 libidinibus
709 3764 1000 3839 carebat3
1043 3785 1120 3826 eo
1145 3764 1464 3845 profusius
1502 3765 1797 3828 omnibus
1833 3766 2035 3829 modis
2076 3766 2367 3847 quaestui

321 3870 515 3941 atque
543 3858 823 3939 sumptui
849 3859 1100 3922 deditus
1127 3869 1280 3937 erat.
1504 3899 1567 3952 s
