2775 4192
368 139 447 197 38
1013 136 1068 189 Ο.
1101 135 1449 187 SALLUSTII
1492 135 1711 186 cmsrl
1755 135 1958 186 LIBER

465 305 598 358 tum
639 297 706 358 in
747 299 1005 378 primam
1053 300 1250 360 aciem
1296 298 1607 360 subducit.
1696 298 1764 360 C.
1810 297 2109 358 Manlium
2148 297 2214 358 in
2256 297 2501 376 dextra,

463 394 887 455 Faesulanum
915 398 1225 474 quendam
1254 389 1320 455 in
1348 395 1602 456 sinistra
1628 403 1809 476 parte
1848 416 2061 457 curare
2101 394 2282 474 jubet
2308 415 2325 470 ;
2368 394 2503 474 ipse

464 511 604 551 cum
643 490 887 553 libertis
929 499 995 552 et
1035 493 1354 554 calonibus
1398 503 1657 573 propter
1697 492 1973 570 aquilam
2014 491 2283 568 adsistit,
2314 513 2501 571 quam

463 587 630 648 bello
659 588 963 650 Cimbrico
993 588 1061 650 C.
1091 589 1325 649 Marius
1352 591 1420 649 in
1448 591 1725 650 exercitu
1750 589 2039 650 habuisse
2070 589 2409 650 dicebatur.

399 696 430 744 5
583 687 679 746 At
719 707 800 746 ex
839 685 1036 748 altera
1075 694 1256 765 parte
1299 686 1366 749 C.
1399 686 1744 763 AntoniuS,
1768 688 2046 768 pedibus
2080 707 2287 766 aeger,
2330 687 2501 766 quod

461 782 699 862 proelio
727 785 949 844 adesse
977 783 1292 863 nequibat,
1322 784 1406 845 M.
1436 783 1957 863 PeleegaQ
1984 784 2325 844 exercitum
2362 805 2503 863 per-

461 881 676 942 mittit.
759 880 875 941 Ille
919 881 1206 942 cohortes
1244 888 1593 958 veteranas,
1630 902 1785 960 quas
1825 881 2081 940 tumulti
2124 901 2311 940 causa
2354 901 2500 940 con-

461 979 813 1057 scripserat,
842 977 907 1036 in
953 979 1182 1055 fronte,
1215 985 1358 1057 post
1398 999 1505 1039 eas
1541 965 1825 1039 'ceterum
1868 977 2209 1039 exercitum
2248 977 2313 1037 in
2356 980 2500 1038 sub-

462 1075 635 1135 sidiis
663 1076 828 1135 locat
854 1096 871 1151 ;
913 1075 1050 1155 ipse
1066 1095 1228 1154 equo
1245 1074 1632 1151 circumienS,
1652 1096 2150 1156 unumquemque
2173 1075 2499 1135 nominans

366 1185 430 1234 10
461 1172 757 1252 appellat,
789 1171 1090 1249 hortatur,
1119 1181 1321 1252 rogat,
1353 1180 1425 1232 ut
1451 1174 1851 1234 meminerint
1876 1193 1947 1234 se
1977 1187 2195 1232 contra
2220 1173 2499 1234 latrones
2604 1217 2607 1222 -

460 1269 746 1348 inermes,
774 1291 890 1350 pro
929 1270 1152 1349 patria,
1178 1290 1292 1350 pro
1335 1270 1569 1347 liberis,
1614 1292 1726 1350 pro
1768 1271 1893 1332 aris
1938 1278 2129 1350 atque
2172 1272 2324 1332 focis
2368 1272 2499 1330 suis

461 1377 718 1429 certare.
801 1367 1011 1429 Homo
1065 1366 1375 1444 militaris,
1431 1369 1599 1448 quod
1652 1368 1922 1448 amplius
1976 1389 2173 1430 annos
2230 1370 2497 1448 triginta

459 1467 748 1528 tribunus
773 1476 886 1528 aut
901 1469 1258 1547 praefectus
1285 1476 1397 1528 aut
1422 1467 1672 1547 legatus
1700 1474 1810 1528 aut
1832 1477 2083 1547 praetor
2110 1489 2247 1528 cum
2268 1488 2501 1546 magna

459 1566 662 1648 gloria
688 1568 755 1627 in
797 1565 1074 1627 exercitu
1112 1565 1344 1643 fuerat,
1372 1564 1702 1645 plerosque
1738 1565 1911 1644 ipsos
1952 1566 2241 1644 factaque
2282 1584 2497 1626 eorum

364 1677 426 1726 15
459 1665 650 1726 fortia
673 1671 971 1743 noverat3
1013 1685 1089 1725 ea
1130 1664 1665 1724 commemorando
1706 1661 1968 1724 militum
2008 1664 2247 1723 animos
2287 1682 2502 1724 accen·-

460 1763 670 1825 debat.

581 1862 714 1925 LX.
744 1862 881 1924 Sed
923 1863 1054 1942 ubi,
1080 1863 1366 1924 omnibus
1406 1862 1595 1924 rebus
1634 1861 1990 1943 exploratis,
2019 1864 2305 1926 Petreius
2340 1865 2499 1925 tuba

461 1959 708 2040 signum
752 1962 882 2038 dat,
914 1961 1200 2024 cohortes
1241 1960 1546 2040 paulatim
1589 1959 1876 2023 incedere
1917 1960 2117 2041 jubet,
2144 1961 2307 2022 idem
2346 1963 2500 2022 facit

460 2057 730 2119 hostium
752 2060 1082 2119 exercitae.
1167 2057 1510 2137 Postquam
1532 2078 1609 2118 eo
1630 2067 1887 2118 ventum
1914 2066 2032 2134 est,
2054 2059 2221 2120 unde
2242 2081 2281 2118 a
2299 2058 2502 2118 feren·

361 2167 430 2216 20
460 2155 638 2216 tariis
668 2157 972 2236 proelium
998 2155 1304 2218 committi
1342 2164 1575 2237 posset,
1602 2157 1873 2218 maximo
1913 2158 2195 2218 clamore.
2213 2152 2365 2217 'cum
2381 2158 2499 2216 *in-

461 2251 642 2313 festis
667 2253 870 2334 signis
910 2264 1302 2333 concurrunt,
1334 2256 1466 2344 pila
1504 2259 1830 2335 omittunt,
1859 2257 2087 2338 gladiis
2114 2279 2213 2319 res
2238 2257 2495 2337 geritur.

463 2348 784 2430 Veterani,
831 2353 1133 2433 pristinae
1187 2352 1443 2414 virtutis
1494 2373 1821 2433 memores,
1871 2357 2215 2417 comminus
2270 2356 2501 2416 acriter

461 2447 712 2524 instare,
763 2449 856 2509 illi
901 2449 1070 2511 haud
1115 2450 1319 2511 timidi
1373 2450 1712 2531 resistunt3
1767 2453 2039 2514 maxima
2086 2455 2152 2512 vi
2199 2459 2493 2513 certatur.

462 2544 714 2607 Interea
741 2546 1007 2607 Catilina
1039 2568 1178 2609 cum
1206 2549 1520 2628 expeditis
1558 2549 1625 2608 in
1663 2549 1863 2630 prima
1891 2552 2025 2612 acie
2050 2551 2302 2627 versari,
2329 2549 2500 2610 labo-

362 2658 428 2706 25
463 2644 750 2705 rantibus
779 2654 1154 2721 succurrere,
1182 2644 1464 2725 integros
1504 2667 1620 2726 pro
1660 2648 1890 2708 sauciis
1929 2668 2263 2726 arcessere,
2288 2646 2501 2708 omnia

461 2741 808 2820 providere,
863 2740 1125 2801 multum
1179 2743 1318 2821 ipse
1371 2763 1679 2822 pugnare,
1728 2764 1914 2824 saepe
1968 2745 2213 2805 hostem
2266 2743 2501 2819 ferire3

464 2836 705 2898 strenui
737 2837 960 2898 militis
1001 2845 1070 2898 et
1114 2839 1261 2899 boni
1300 2837 1699 2919 imperatoris
1738 2841 1937 2902 officia
1978 2841 2164 2902 simul
2202 2860 2502 2920 exseque-

463 2933 666 2995 batur.
749 2933 1054 3013 PetreiuS,
1078 2936 1188 2995 ubi
1213 2935 1390 2997 videt
1417 2935 1769 3014 Catilinam,
1796 2945 2015 2998 contra
2040 2959 2114 2998 ac
2141 2945 2317 2998 ratus
2342 2944 2501 3014 erat,

463 3050 692 3111 mag-na
719 3028 782 3091 vi
822 3032 1098 3110 tendere,
1128 3031 1443 3092 cohortem
1485 3035 1863 3110 praetoriam
1900 3036 1967 3094 in
2006 3034 2245 3095 medios
2282 3033 2502 3095 hostes

365 3137 432 3186 80
464 3129 727 3207 inducit,
771 3149 1004 3208 eosque
1048 3129 1448 3209 perturbatos
1494 3136 1686 3210 atque
1732 3131 1891 3192 alios
1940 3131 2091 3193 alibi
2137 3132 2505 3193 resistentes

464 3224 795 3303 interficit;
835 3226 1066 3286 deinde
1102 3225 1411 3304 utrimque
1456 3247 1539 3288 ex
1581 3227 1886 3289 lateribus
1928 3239 2169 3289 eeteros
2212 3228 2505 3308 aggredi-

465 3330 588 3384 tur.
673 3323 946 3384 Manlius
973 3331 1040 3384 et
1065 3322 1457 3384 Faesulanus
1483 3325 1550 3382 in
1588 3323 1811 3403 primis
1850 3335 2208 3405 pugnantes
2246 3325 2501 3386 cadunt.

468 3418 759 3498 Catilina,
786 3427 1116 3500 postquam
1142 3419 1319 3480 fusas
1345 3419 1561 3499 copias
1587 3440 1776 3499 seque
1804 3441 1947 3482 cum
1974 3421 2187 3501 paucis
2214 3420 2504 3482 relictum

466 3516 662 3591 videt,
706 3536 941 3576 memor
978 3516 1232 3595 generis
1277 3522 1469 3594 atque
1516 3516 1819 3596 pristinae
1856 3538 2005 3580 suae
2040 3516 2392 3597 dignitatis,
2436 3519 2505 3576 in

370 3626 433 3674 85
469 3611 954 3674 confertissimos
981 3613 1196 3672 hostes
1222 3611 1485 3673 incurrit
1510 3612 1722 3691 ibique
1748 3633 2043 3693 pugnans
2069 3615 2441 3676 confoditur.

591 3707 762 3768 LXI.
806 3707 932 3768 Sed
973 3707 1262 3770 confecto
1305 3707 1563 3786 proelio,
1593 3715 1729 3768 tum
1754 3729 1904 3770 vero
1947 3730 2232 3788 cerneres
2270 3718 2511 3788 quanta

474 3802 730 3865 audacia
755 3809 1111 3889 quantaque
1151 3802 1346 3874 animi
1369 3803 1466 3876 Vis
1501 3803 1730 3877 ruisset
1758 3806 1826 3875 in
1852 3805 2133 3880 sxeroitu
2173 3806 2507 3882 Catilinae·
