<?xml version="1.0" encoding="UTF-8"?>
<!DOCTYPE html PUBLIC "-//W3C//DTD XHTML 1.0 Transitional//EN"
    "http://www.w3.org/TR/xhtml1/DTD/xhtml1-transitional.dtd">
<html xmlns="http://www.w3.org/1999/xhtml" xml:lang="en" lang="en">
 <head>
  <title>
</title>
<meta http-equiv="Content-Type" content="text/html;charset=utf-8" />
  <meta name='ocr-system' content='tesseract 3.04.00' />
  <meta name='ocr-capabilities' content='ocr_page ocr_carea ocr_par ocr_line ocrx_word'/>
</head>
<body>
  <div class='ocr_page' id='page_1' title='image "./sallustscatilin00harkgoog_0018.png"; bbox 0 0 2775 4192; ppageno 0'>
   <div class='ocr_carea' id='block_1_1' title="bbox 295 187 1885 253">
    <p class='ocr_par' dir='ltr' id='par_1_1' title="bbox 295 187 1885 253">
     <span class='ocr_line' id='line_1_1' title="bbox 295 187 1885 253; baseline 0.003 -15"><span class='ocrx_word' id='word_1_1' title='bbox 295 188 332 250; x_wconf 78' lang='grc'><strong>6</strong></span> <span class='ocrx_word' id='word_1_2' title='bbox 939 188 997 240; x_wconf 81' lang='lat'>0.</span> <span class='ocrx_word' id='word_1_3' title='bbox 1031 187 1382 242; x_wconf 68' lang='lat' dir='ltr'>SALLUS‘m</span> <span class='ocrx_word' id='word_1_4' title='bbox 1422 189 1640 253; x_wconf 72' lang='lat' dir='ltr'>omsm</span> <span class='ocrx_word' id='word_1_5' title='bbox 1682 189 1885 242; x_wconf 81' lang='lat' dir='ltr'>LIBER</span> 
     </span>
    </p>
   </div>
   <div class='ocr_carea' id='block_1_2' title="bbox 291 349 2491 3250">
    <p class='ocr_par' dir='ltr' id='par_1_2' title="bbox 291 349 2491 3250">
     <span class='ocr_line' id='line_1_2' title="bbox 389 349 2437 435; baseline 0.002 -22"><span class='ocrx_word' id='word_1_6' title='bbox 389 349 736 431; x_wconf 82' lang='lat' dir='ltr'>relinquere</span> <span class='ocrx_word' id='word_1_7' title='bbox 762 359 874 413; x_wconf 82' lang='lat' dir='ltr'>aut</span> <span class='ocrx_word' id='word_1_8' title='bbox 897 351 1066 432; x_wconf 90' lang='lat' dir='ltr'>pulsi</span> <span class='ocrx_word' id='word_1_9' title='bbox 1104 351 1244 416; x_wconf 90' lang='lat' dir='ltr'>loco</span> <span class='ocrx_word' id='word_1_10' title='bbox 1283 354 1505 416; x_wconf 80' lang='lat' dir='ltr'>cedere</span> <span class='ocrx_word' id='word_1_11' title='bbox 1548 355 1688 416; x_wconf 87' lang='lat' dir='ltr'>ausi</span> <span class='ocrx_word' id='word_1_12' title='bbox 1728 362 1943 432; x_wconf 85' lang='lat' dir='ltr'>erant3</span> <span class='ocrx_word' id='word_1_13' title='bbox 1982 353 2050 416; x_wconf 88' lang='lat' dir='ltr'>in</span> <span class='ocrx_word' id='word_1_14' title='bbox 2089 375 2243 435; x_wconf 88' lang='lat' dir='ltr'>pace</span> <span class='ocrx_word' id='word_1_15' title='bbox 2270 377 2437 435; x_wconf 84' lang='lat' dir='ltr'>vero,</span> 
     </span>
     <span class='ocr_line' id='line_1_3' title="bbox 389 449 2439 534; baseline 0.004 -26"><span class='ocrx_word' id='word_1_16' title='bbox 389 449 555 528; x_wconf 89' lang='lat' dir='ltr'>quod</span> <span class='ocrx_word' id='word_1_17' title='bbox 591 449 910 510; x_wconf 83' lang='lat' dir='ltr'>beneficiis</span> <span class='ocrx_word' id='word_1_18' title='bbox 951 451 1150 530; x_wconf 86' lang='lat' dir='ltr'>magis</span> <span class='ocrx_word' id='word_1_19' title='bbox 1189 471 1374 530; x_wconf 87' lang='lat' dir='ltr'>quam</span> <span class='ocrx_word' id='word_1_20' title='bbox 1414 458 1589 512; x_wconf 87' lang='lat' dir='ltr'>metu</span> <span class='ocrx_word' id='word_1_21' title='bbox 1626 451 1953 532; x_wconf 87' lang='lat' dir='ltr'>imperium</span> <span class='ocrx_word' id='word_1_22' title='bbox 1993 451 2345 534; x_wconf 74' lang='lat' dir='ltr'><strong>agitabant,</strong></span> <span class='ocrx_word' id='word_1_23' title='bbox 2370 463 2439 517; x_wconf 89' lang='lat' dir='ltr'>et</span> 
     </span>
     <span class='ocr_line' id='line_1_4' title="bbox 389 545 2219 627; baseline 0.003 -21"><span class='ocrx_word' id='word_1_24' title='bbox 389 551 647 624; x_wconf 78' lang='lat' dir='ltr'>accepta</span> <span class='ocrx_word' id='word_1_25' title='bbox 674 545 902 626; x_wconf 80' lang='lat' dir='ltr'>injuria</span> <span class='ocrx_word' id='word_1_26' title='bbox 927 545 1248 625; x_wconf 83' lang='lat' dir='ltr'>ignoscere</span> <span class='ocrx_word' id='word_1_27' title='bbox 1277 567 1461 626; x_wconf 87' lang='lat' dir='ltr'>quam</span> <span class='ocrx_word' id='word_1_28' title='bbox 1488 547 1780 627; x_wconf 79' lang='lat' dir='ltr'>persequi</span> <span class='ocrx_word' id='word_1_29' title='bbox 1806 547 2141 612; x_wconf 85' lang='lat' dir='ltr'>malebant.</span> <span class='ocrx_word' id='word_1_30' title='bbox 2200 607 2219 617; x_wconf 74' lang='grc'>,</span> 
     </span>
     <span class='ocr_line' id='line_1_5' title="bbox 511 595 2437 728; baseline 0.004 -25"><span class='ocrx_word' id='word_1_31' title='bbox 511 641 594 703; x_wconf 88' lang='lat' dir='ltr'>X.</span> <span class='ocrx_word' id='word_1_32' title='bbox 637 640 766 704; x_wconf 87' lang='lat' dir='ltr'>Sed</span> <span class='ocrx_word' id='word_1_33' title='bbox 811 642 922 702; x_wconf 88' lang='lat' dir='ltr'>ubi</span> <span class='ocrx_word' id='word_1_34' title='bbox 967 642 1180 703; x_wconf 90' lang='lat' dir='ltr'>labore</span> <span class='ocrx_word' id='word_1_35' title='bbox 1229 651 1422 724; x_wconf 80' lang='lat' dir='ltr'>atque</span> <span class='ocrx_word' id='word_1_36' title='bbox 1475 643 1721 724; x_wconf 81' lang='lat' dir='ltr'>justitia</span> <span class='ocrx_word' id='word_1_37' title='bbox 1768 665 1872 706; x_wconf 86' lang='lat' dir='ltr'>res</span> <span class='ocrx_word' id='word_1_38' title='bbox 1918 645 2175 726; x_wconf 82' lang='lat' dir='ltr'>publica</span> <span class='ocrx_word' id='word_1_39' title='bbox 2218 595 2437 728; x_wconf 47' lang='lat' dir='ltr'>Zssevia</span> 
     </span>
     <span class='ocr_line' id='line_1_6' title="bbox 323 737 2437 824; baseline 0.004 -24"><span class='ocrx_word' id='word_1_40' title='bbox 323 752 356 800; x_wconf 68' lang='grc' dir='ltr'><strong>ὅ</strong></span> <span class='ocrx_word' id='word_1_41' title='bbox 389 757 572 818; x_wconf 84' lang='lat' dir='ltr'>reges</span> <span class='ocrx_word' id='word_1_42' title='bbox 599 738 812 818; x_wconf 86' lang='lat' dir='ltr'>magni</span> <span class='ocrx_word' id='word_1_43' title='bbox 836 737 1002 798; x_wconf 85' lang='lat' dir='ltr'>bello</span> <span class='ocrx_word' id='word_1_44' title='bbox 1029 739 1268 816; x_wconf 88' lang='lat' dir='ltr'>domiti,</span> <span class='ocrx_word' id='word_1_45' title='bbox 1290 741 1579 802; x_wconf 86' lang='lat' dir='ltr'>nationes</span> <span class='ocrx_word' id='word_1_46' title='bbox 1606 740 1780 802; x_wconf 82' lang='lat' dir='ltr'>ferae</span> <span class='ocrx_word' id='word_1_47' title='bbox 1806 749 1875 802; x_wconf 91' lang='lat' dir='ltr'>et</span> <span class='ocrx_word' id='word_1_48' title='bbox 1900 741 2116 822; x_wconf 87' lang='lat' dir='ltr'>populi</span> <span class='ocrx_word' id='word_1_49' title='bbox 2145 745 2437 824; x_wconf 77' lang='lat' dir='ltr'>ingentes</span> 
     </span>
     <span class='ocr_line' id='line_1_7' title="bbox 389 825 2437 922; baseline 0.003 -26"><span class='ocrx_word' id='word_1_50' title='bbox 389 834 456 896; x_wconf 78' lang='lat' dir='ltr'>vi</span> <span class='ocrx_word' id='word_1_51' title='bbox 501 834 766 920; x_wconf 71' lang='lat' dir='ltr'>subacti,</span> <span class='ocrx_word' id='word_1_52' title='bbox 795 825 1146 916; x_wconf 75' lang='lat' dir='ltr'>Karthago,</span> <span class='ocrx_word' id='word_1_53' title='bbox 1193 837 1441 898; x_wconf 87' lang='lat' dir='ltr'>aemula</span> <span class='ocrx_word' id='word_1_54' title='bbox 1486 837 1735 918; x_wconf 86' lang='lat' dir='ltr'>imperii</span> <span class='ocrx_word' id='word_1_55' title='bbox 1781 838 2066 916; x_wconf 87' lang='lat' dir='ltr'>Romani,</span> <span class='ocrx_word' id='word_1_56' title='bbox 2116 841 2196 900; x_wconf 89' lang='lat' dir='ltr'>ab</span> <span class='ocrx_word' id='word_1_57' title='bbox 2241 842 2437 922; x_wconf 83' lang='lat' dir='ltr'>stirpe</span> 
     </span>
     <span class='ocr_line' id='line_1_8' title="bbox 388 931 2437 1014; baseline 0.003 -22"><span class='ocrx_word' id='word_1_58' title='bbox 388 931 650 1008; x_wconf 83' lang='lat' dir='ltr'>interiit,</span> <span class='ocrx_word' id='word_1_59' title='bbox 679 941 904 995; x_wconf 76' lang='lat' dir='ltr'>cuncta</span> <span class='ocrx_word' id='word_1_60' title='bbox 945 933 1138 993; x_wconf 88' lang='lat' dir='ltr'>maria</span> <span class='ocrx_word' id='word_1_61' title='bbox 1179 940 1510 1014; x_wconf 80' lang='lat' dir='ltr'>terraeque</span> <span class='ocrx_word' id='word_1_62' title='bbox 1551 935 1873 1014; x_wconf 87' lang='lat' dir='ltr'>patebant,</span> <span class='ocrx_word' id='word_1_63' title='bbox 1903 935 2144 998; x_wconf 84' lang='lat' dir='ltr'>saevire</span> <span class='ocrx_word' id='word_1_64' title='bbox 2183 937 2437 998; x_wconf 76' lang='lat' dir='ltr'>fortuna</span> 
     </span>
     <span class='ocr_line' id='line_1_9' title="bbox 387 1029 2438 1113; baseline 0.003 -23"><span class='ocrx_word' id='word_1_65' title='bbox 387 1047 464 1090; x_wconf 89' lang='lat' dir='ltr'>ac</span> <span class='ocrx_word' id='word_1_66' title='bbox 505 1029 762 1091; x_wconf 86' lang='lat' dir='ltr'>miscere</span> <span class='ocrx_word' id='word_1_67' title='bbox 805 1031 1018 1096; x_wconf 82' lang='lat' dir='ltr'>omnia</span> <span class='ocrx_word' id='word_1_68' title='bbox 1061 1032 1289 1110; x_wconf 89' lang='lat' dir='ltr'>coepit.</span> <span class='ocrx_word' id='word_1_69' title='bbox 1392 1029 1521 1104; x_wconf 77' lang='lat' dir='ltr'>Qui</span> <span class='ocrx_word' id='word_1_70' title='bbox 1564 1032 1831 1110; x_wconf 78' lang='lat' dir='ltr'>laboreS,</span> <span class='ocrx_word' id='word_1_71' title='bbox 1874 1032 2168 1113; x_wconf 86' lang='lat' dir='ltr'>pericula,</span> <span class='ocrx_word' id='word_1_72' title='bbox 2214 1035 2438 1098; x_wconf 87' lang='lat' dir='ltr'>dubias</span> 
     </span>
     <span class='ocr_line' id='line_1_10' title="bbox 388 1127 2435 1208; baseline 0.001 -20"><span class='ocrx_word' id='word_1_73' title='bbox 388 1132 581 1206; x_wconf 85' lang='lat' dir='ltr'>atque</span> <span class='ocrx_word' id='word_1_74' title='bbox 624 1147 878 1206; x_wconf 84' lang='lat' dir='ltr'>asperas</span> <span class='ocrx_word' id='word_1_75' title='bbox 921 1147 1023 1188; x_wconf 90' lang='lat' dir='ltr'>res</span> <span class='ocrx_word' id='word_1_76' title='bbox 1065 1127 1252 1189; x_wconf 76' lang='lat' dir='ltr'>facile</span> <span class='ocrx_word' id='word_1_77' title='bbox 1295 1128 1736 1205; x_wconf 80' lang='lat' dir='ltr'>toleraverant,</span> <span class='ocrx_word' id='word_1_78' title='bbox 1768 1133 1859 1189; x_wconf 90' lang='lat' dir='ltr'>eis</span> <span class='ocrx_word' id='word_1_79' title='bbox 1902 1129 2128 1207; x_wconf 87' lang='lat' dir='ltr'>otium,</span> <span class='ocrx_word' id='word_1_80' title='bbox 2154 1130 2435 1208; x_wconf 87' lang='lat' dir='ltr'>divitiae,</span> 
     </span>
     <span class='ocr_line' id='line_1_11' title="bbox 295 1223 2437 1308; baseline 0.003 -26"><span class='ocrx_word' id='word_1_81' title='bbox 295 1233 358 1282; x_wconf 88' lang='lat'>10</span> <span class='ocrx_word' id='word_1_82' title='bbox 391 1224 670 1302; x_wconf 86' lang='lat' dir='ltr'>optanda</span> <span class='ocrx_word' id='word_1_83' title='bbox 698 1224 870 1300; x_wconf 86' lang='lat' dir='ltr'>alias,</span> <span class='ocrx_word' id='word_1_84' title='bbox 901 1225 1076 1284; x_wconf 88' lang='lat' dir='ltr'>oneri</span> <span class='ocrx_word' id='word_1_85' title='bbox 1102 1223 1517 1302; x_wconf 79' lang='lat' dir='ltr'>miseriaeque</span> <span class='ocrx_word' id='word_1_86' title='bbox 1557 1225 1757 1286; x_wconf 77' lang='lat' dir='ltr'>fuere.</span> <span class='ocrx_word' id='word_1_87' title='bbox 1841 1225 2051 1306; x_wconf 85' lang='lat' dir='ltr'>Igitur</span> <span class='ocrx_word' id='word_1_88' title='bbox 2090 1229 2295 1307; x_wconf 84' lang='lat' dir='ltr'>primo</span> <span class='ocrx_word' id='word_1_89' title='bbox 2324 1249 2437 1308; x_wconf 87' lang='lat' dir='ltr'>-pe-</span> 
     </span>
     <span class='ocr_line' id='line_1_12' title="bbox 389 1320 2438 1404; baseline 0.002 -22"><span class='ocrx_word' id='word_1_90' title='bbox 389 1321 637 1398; x_wconf 87' lang='lat' dir='ltr'>cuniae,</span> <span class='ocrx_word' id='word_1_91' title='bbox 680 1320 906 1382; x_wconf 90' lang='lat' dir='ltr'>deinde</span> <span class='ocrx_word' id='word_1_92' title='bbox 949 1321 1193 1400; x_wconf 90' lang='lat' dir='ltr'>imperii</span> <span class='ocrx_word' id='word_1_93' title='bbox 1239 1323 1469 1400; x_wconf 87' lang='lat' dir='ltr'>cupido</span> <span class='ocrx_word' id='word_1_94' title='bbox 1512 1321 1753 1384; x_wconf 82' lang='lat' dir='ltr'>crevit:</span> <span class='ocrx_word' id='word_1_95' title='bbox 1804 1344 1881 1384; x_wconf 90' lang='lat' dir='ltr'>ea</span> <span class='ocrx_word' id='word_1_96' title='bbox 1928 1323 2108 1404; x_wconf 61' lang='lat' dir='ltr'>quassi</span> <span class='ocrx_word' id='word_1_97' title='bbox 2152 1323 2438 1386; x_wconf 81' lang='lat' dir='ltr'>materies</span> 
     </span>
     <span class='ocr_line' id='line_1_13' title="bbox 389 1411 2439 1500; baseline 0.001 -21"><span class='ocrx_word' id='word_1_98' title='bbox 389 1417 664 1479; x_wconf 89' lang='lat' dir='ltr'>omnium</span> <span class='ocrx_word' id='word_1_99' title='bbox 689 1417 991 1478; x_wconf 90' lang='lat' dir='ltr'>malorum</span> <span class='ocrx_word' id='word_1_100' title='bbox 1018 1417 1217 1480; x_wconf 77' lang='lat' dir='ltr'>fuere.</span> <span class='ocrx_word' id='word_1_101' title='bbox 1301 1417 1591 1498; x_wconf 86' lang='lat' dir='ltr'>Namque</span> <span class='ocrx_word' id='word_1_102' title='bbox 1630 1420 1897 1482; x_wconf 84' lang='lat' dir='ltr'>avaritia</span> <span class='ocrx_word' id='word_1_103' title='bbox 1936 1422 2140 1498; x_wconf 89' lang='lat' dir='ltr'>fidem,</span> <span class='ocrx_word' id='word_1_104' title='bbox 2168 1411 2439 1500; x_wconf 84' lang='lat' dir='ltr'>probita-</span> 
     </span>
     <span class='ocr_line' id='line_1_14' title="bbox 387 1515 2435 1600; baseline 0.001 -24"><span class='ocrx_word' id='word_1_105' title='bbox 387 1521 522 1576; x_wconf 86' lang='lat' dir='ltr'>tem</span> <span class='ocrx_word' id='word_1_106' title='bbox 549 1521 912 1600; x_wconf 84' lang='lat' dir='ltr'>ceterasque</span> <span class='ocrx_word' id='word_1_107' title='bbox 939 1521 1108 1576; x_wconf 87' lang='lat' dir='ltr'>artes</span> <span class='ocrx_word' id='word_1_108' title='bbox 1148 1515 1344 1576; x_wconf 89' lang='lat' dir='ltr'>bonas</span> <span class='ocrx_word' id='word_1_109' title='bbox 1383 1517 1730 1596; x_wconf 82' lang='lat' dir='ltr'>subvertit3</span> <span class='ocrx_word' id='word_1_110' title='bbox 1770 1537 1885 1596; x_wconf 87' lang='lat' dir='ltr'>pro</span> <span class='ocrx_word' id='word_1_111' title='bbox 1926 1517 2024 1577; x_wconf 85' lang='lat' dir='ltr'>his</span> <span class='ocrx_word' id='word_1_112' title='bbox 2062 1519 2435 1598; x_wconf 81' lang='lat' dir='ltr'>superbiam,</span> 
     </span>
     <span class='ocr_line' id='line_1_15' title="bbox 389 1611 2433 1692; baseline 0.002 -19"><span class='ocrx_word' id='word_1_113' title='bbox 389 1611 844 1688; x_wconf 79' lang='lat' dir='ltr'>crudelitatem,</span> <span class='ocrx_word' id='word_1_114' title='bbox 867 1613 1018 1673; x_wconf 90' lang='lat' dir='ltr'>deos</span> <span class='ocrx_word' id='word_1_115' title='bbox 1039 1612 1396 1692; x_wconf 87' lang='lat' dir='ltr'>neglegere,</span> <span class='ocrx_word' id='word_1_116' title='bbox 1418 1613 1625 1674; x_wconf 88' lang='lat' dir='ltr'>omnia</span> <span class='ocrx_word' id='word_1_117' title='bbox 1644 1614 1889 1675; x_wconf 84' lang='lat' dir='ltr'>venalia</span> <span class='ocrx_word' id='word_1_118' title='bbox 1915 1614 2145 1692; x_wconf 67' lang='lat' dir='ltr'>habere</span> <span class='ocrx_word' id='word_1_119' title='bbox 2166 1616 2433 1678; x_wconf 85' lang='lat' dir='ltr'>edocuit.</span> 
     </span>
     <span class='ocr_line' id='line_1_16' title="bbox 294 1708 2491 1791; baseline -0.002 -19"><span class='ocrx_word' id='word_1_120' title='bbox 294 1723 356 1774; x_wconf 73' lang='lat'>15</span> <span class='ocrx_word' id='word_1_121' title='bbox 393 1708 671 1770; x_wconf 90' lang='lat' dir='ltr'>Ambitio</span> <span class='ocrx_word' id='word_1_122' title='bbox 697 1710 928 1768; x_wconf 85' lang='lat' dir='ltr'>multos</span> <span class='ocrx_word' id='word_1_123' title='bbox 957 1709 1251 1770; x_wconf 84' lang='lat' dir='ltr'>mortales</span> <span class='ocrx_word' id='word_1_124' title='bbox 1279 1709 1469 1770; x_wconf 84' lang='lat' dir='ltr'>falsos</span> <span class='ocrx_word' id='word_1_125' title='bbox 1500 1711 1629 1771; x_wconf 83' lang='lat' dir='ltr'>fieri</span> <span class='ocrx_word' id='word_1_126' title='bbox 1658 1710 1933 1791; x_wconf 84' lang='lat' dir='ltr'>subegit,</span> <span class='ocrx_word' id='word_1_127' title='bbox 1962 1711 2129 1772; x_wconf 86' lang='lat' dir='ltr'>aliud</span> <span class='ocrx_word' id='word_1_128' title='bbox 2157 1709 2436 1772; x_wconf 87' lang='lat' dir='ltr'>clausum</span> <span class='ocrx_word' id='word_1_129' title='bbox 2488 1763 2491 1768; x_wconf 89' lang='lat'><em>.</em></span> 
     </span>
     <span class='ocr_line' id='line_1_17' title="bbox 389 1806 2437 1888; baseline 0.001 -21"><span class='ocrx_word' id='word_1_130' title='bbox 389 1806 458 1867; x_wconf 90' lang='lat' dir='ltr'>in</span> <span class='ocrx_word' id='word_1_131' title='bbox 504 1815 780 1885; x_wconf 80' lang='lat' dir='ltr'>pectore,</span> <span class='ocrx_word' id='word_1_132' title='bbox 829 1806 994 1866; x_wconf 89' lang='lat' dir='ltr'>aliud</span> <span class='ocrx_word' id='word_1_133' title='bbox 1044 1806 1110 1867; x_wconf 92' lang='lat' dir='ltr'>in</span> <span class='ocrx_word' id='word_1_134' title='bbox 1157 1807 1372 1888; x_wconf 87' lang='lat' dir='ltr'>lingua</span> <span class='ocrx_word' id='word_1_135' title='bbox 1418 1810 1797 1887; x_wconf 80' lang='lat' dir='ltr'>promptum&#39;</span> <span class='ocrx_word' id='word_1_136' title='bbox 1829 1809 2079 1886; x_wconf 88' lang='lat' dir='ltr'>habere,</span> <span class='ocrx_word' id='word_1_137' title='bbox 2130 1811 2437 1870; x_wconf 83' lang='lat' dir='ltr'>amicitias</span> 
     </span>
     <span class='ocr_line' id='line_1_18' title="bbox 391 1903 2439 1987; baseline 0.002 -23"><span class='ocrx_word' id='word_1_138' title='bbox 391 1903 868 1982; x_wconf 85' lang='lat' dir='ltr'>inimicitiasque</span> <span class='ocrx_word' id='word_1_139' title='bbox 888 1925 1014 1964; x_wconf 88' lang='lat' dir='ltr'>non</span> <span class='ocrx_word' id='word_1_140' title='bbox 1045 1925 1125 1966; x_wconf 81' lang='lat' dir='ltr'>ex</span> <span class='ocrx_word' id='word_1_141' title='bbox 1149 1927 1217 1966; x_wconf 88' lang='lat' dir='ltr'>re</span> <span class='ocrx_word' id='word_1_142' title='bbox 1247 1907 1358 1965; x_wconf 89' lang='lat' dir='ltr'>sed</span> <span class='ocrx_word' id='word_1_143' title='bbox 1381 1927 1461 1966; x_wconf 84' lang='lat' dir='ltr'>ex</span> <span class='ocrx_word' id='word_1_144' title='bbox 1483 1907 1807 1966; x_wconf 86' lang='lat' dir='ltr'>commodo</span> <span class='ocrx_word' id='word_1_145' title='bbox 1836 1907 2195 1986; x_wconf 86' lang='lat' dir='ltr'>aestimare,</span> <span class='ocrx_word' id='word_1_146' title='bbox 2216 1907 2439 1987; x_wconf 87' lang='lat' dir='ltr'>magis·-</span> 
     </span>
     <span class='ocr_line' id='line_1_19' title="bbox 389 2001 1886 2082; baseline 0.001 -20"><span class='ocrx_word' id='word_1_147' title='bbox 389 2022 513 2082; x_wconf 90' lang='lat' dir='ltr'>que</span> <span class='ocrx_word' id='word_1_148' title='bbox 542 2001 785 2061; x_wconf 85' lang='lat' dir='ltr'>vultum</span> <span class='ocrx_word' id='word_1_149' title='bbox 815 2023 999 2080; x_wconf 89' lang='lat' dir='ltr'>quam</span> <span class='ocrx_word' id='word_1_150' title='bbox 1029 2002 1347 2082; x_wconf 86' lang='lat' dir='ltr'>ingenium</span> <span class='ocrx_word' id='word_1_151' title='bbox 1374 2003 1609 2062; x_wconf 87' lang='lat' dir='ltr'>bonum</span> <span class='ocrx_word' id='word_1_152' title='bbox 1637 2003 1886 2065; x_wconf 87' lang='lat' dir='ltr'>habere.</span> 
     </span>
     <span class='ocr_line' id='line_1_20' title="bbox 512 2092 2435 2180; baseline 0.002 -22"><span class='ocrx_word' id='word_1_153' title='bbox 512 2098 690 2158; x_wconf 87' lang='lat' dir='ltr'>Haec</span> <span class='ocrx_word' id='word_1_154' title='bbox 744 2100 945 2179; x_wconf 88' lang='lat' dir='ltr'>primo</span> <span class='ocrx_word' id='word_1_155' title='bbox 999 2099 1320 2178; x_wconf 80' lang='lat' dir='ltr'>paulatim¹</span> <span class='ocrx_word' id='word_1_156' title='bbox 1371 2119 1671 2176; x_wconf 84' lang='lat' dir='ltr'>crescere,</span> <span class='ocrx_word' id='word_1_157' title='bbox 1725 2100 2040 2160; x_wconf 83' lang='lat' dir='ltr'>interdum</span> <span class='ocrx_word' id='word_1_158' title='bbox 2099 2092 2435 2180; x_wconf 77' lang='lat' dir='ltr'>vindicari3</span> 
     </span>
     <span class='ocr_line' id='line_1_21' title="bbox 291 2195 2434 2276; baseline 0 -18"><span class='ocrx_word' id='word_1_159' title='bbox 291 2215 358 2264; x_wconf 78' lang='lat'>20</span> <span class='ocrx_word' id='word_1_160' title='bbox 391 2203 554 2276; x_wconf 86' lang='lat' dir='ltr'>post,</span> <span class='ocrx_word' id='word_1_161' title='bbox 600 2195 711 2259; x_wconf 86' lang='lat' dir='ltr'>ubi</span> <span class='ocrx_word' id='word_1_162' title='bbox 757 2196 1053 2276; x_wconf 89' lang='lat' dir='ltr'>contagio</span> <span class='ocrx_word' id='word_1_163' title='bbox 1107 2195 1286 2274; x_wconf 85' lang='lat' dir='ltr'>quasi</span> <span class='ocrx_word' id='word_1_164' title='bbox 1339 2195 1708 2276; x_wconf 87' lang='lat' dir='ltr'>pestilentia</span> <span class='ocrx_word' id='word_1_165' title='bbox 1762 2195 2011 2274; x_wconf 83' lang='lat' dir='ltr'>invasit,</span> <span class='ocrx_word' id='word_1_166' title='bbox 2056 2197 2279 2258; x_wconf 81' lang='lat' dir='ltr'>civitas</span> <span class='ocrx_word' id='word_1_167' title='bbox 2325 2199 2434 2258; x_wconf 90' lang='lat' dir='ltr'>im-</span> 
     </span>
     <span class='ocr_line' id='line_1_22' title="bbox 396 2295 2423 2386; baseline 0.001 -26"><span class='ocrx_word' id='word_1_168' title='bbox 396 2307 658 2373; x_wconf 85' lang='lat' dir='ltr'>mutata,</span> <span class='ocrx_word' id='word_1_169' title='bbox 714 2298 1045 2378; x_wconf 86' lang='lat' dir='ltr'>imperium</span> <span class='ocrx_word' id='word_1_170' title='bbox 1101 2320 1178 2360; x_wconf 82' lang='lat' dir='ltr'>ex</span> <span class='ocrx_word' id='word_1_171' title='bbox 1231 2300 1581 2382; x_wconf 83' lang='lat' dir='ltr'>justissimo</span> <span class='ocrx_word' id='word_1_172' title='bbox 1634 2309 1823 2381; x_wconf 87' lang='lat' dir='ltr'>atque</span> <span class='ocrx_word' id='word_1_173' title='bbox 1877 2301 2117 2381; x_wconf 89' lang='lat' dir='ltr'>optimo</span> <span class='ocrx_word' id='word_1_174' title='bbox 2162 2295 2423 2386; x_wconf 71' lang='lat' dir='ltr'>,crudele</span> 
     </span>
     <span class='ocr_line' id='line_1_23' title="bbox 345 2395 1280 2484; baseline 0.002 -29"><span class='ocrx_word' id='word_1_175' title='bbox 345 2461 362 2484; x_wconf 33' lang='lat' dir='ltr'><strong>X</strong></span> <span class='ocrx_word' id='word_1_176' title='bbox 395 2395 983 2476; x_wconf 64' lang='lat' dir='ltr'>intolerandumque</span> <span class='ocrx_word' id='word_1_177' title='bbox 1023 2397 1280 2458; x_wconf 83' lang='lat' dir='ltr'>factum.</span> 
     </span>
     <span class='ocr_line' id='line_1_24' title="bbox 316 2483 2437 2571; baseline -0.005 -17"><span class='ocrx_word' id='word_1_178' title='bbox 316 2483 415 2543; x_wconf 56' lang='lat' dir='ltr'>s&lt;</span> <span class='ocrx_word' id='word_1_179' title='bbox 513 2491 630 2557; x_wconf 88' lang='lat' dir='ltr'>XI.</span> <span class='ocrx_word' id='word_1_180' title='bbox 679 2492 806 2553; x_wconf 85' lang='lat' dir='ltr'>Sed</span> <span class='ocrx_word' id='word_1_181' title='bbox 851 2490 1050 2571; x_wconf 85' lang='lat' dir='ltr'>primo</span> <span class='ocrx_word' id='word_1_182' title='bbox 1097 2490 1302 2568; x_wconf 88' lang='lat' dir='ltr'>magis</span> <span class='ocrx_word' id='word_1_183' title='bbox 1348 2484 1611 2547; x_wconf 86' lang='lat' dir='ltr'>ambitio</span> <span class='ocrx_word' id='word_1_184' title='bbox 1658 2505 1839 2565; x_wconf 88' lang='lat' dir='ltr'>quam</span> <span class='ocrx_word' id='word_1_185' title='bbox 1890 2483 2152 2544; x_wconf 87' lang='lat' dir='ltr'>avaritia</span> <span class='ocrx_word' id='word_1_186' title='bbox 2198 2485 2437 2545; x_wconf 86' lang='lat' dir='ltr'>animos</span> 
     </span>
     <span class='ocr_line' id='line_1_25' title="bbox 389 2581 2449 2664; baseline -0.005 -13"><span class='ocrx_word' id='word_1_187' title='bbox 389 2589 710 2651; x_wconf 87' lang='lat' dir='ltr'>hominum</span> <span class='ocrx_word' id='word_1_188' title='bbox 750 2588 1100 2664; x_wconf 75' lang='lat' dir='ltr'>exercebat,</span> <span class='ocrx_word' id='word_1_189' title='bbox 1131 2586 1298 2664; x_wconf 88' lang='lat' dir='ltr'>quod</span> <span class='ocrx_word' id='word_1_190' title='bbox 1336 2591 1548 2644; x_wconf 87' lang='lat' dir='ltr'>tamen</span> <span class='ocrx_word' id='word_1_191' title='bbox 1578 2583 1801 2642; x_wconf 84' lang='lat' dir='ltr'>vitium</span> <span class='ocrx_word' id='word_1_192' title='bbox 1840 2582 2101 2661; x_wconf 88' lang='lat' dir='ltr'>propius</span> <span class='ocrx_word' id='word_1_193' title='bbox 2142 2581 2449 2664; x_wconf 49' lang='lat' dir='ltr'>virtutem,</span> 
     </span>
     <span class='ocr_line' id='line_1_26' title="bbox 295 2677 2489 2795; baseline -0.007 -43"><span class='ocrx_word' id='word_1_194' title='bbox 295 2703 360 2752; x_wconf 75' lang='lat'>215</span> <span class='ocrx_word' id='word_1_195' title='bbox 393 2696 546 2750; x_wconf 89' lang='lat' dir='ltr'>erat.</span> <span class='ocrx_word' id='word_1_196' title='bbox 629 2687 796 2748; x_wconf 87' lang='lat' dir='ltr'>Nam</span> <span class='ocrx_word' id='word_1_197' title='bbox 837 2685 1118 2765; x_wconf 87' lang='lat' dir='ltr'>gloriam,</span> <span class='ocrx_word' id='word_1_198' title='bbox 1147 2683 1463 2759; x_wconf 86' lang='lat' dir='ltr'>honorem,</span> <span class='ocrx_word' id='word_1_199' title='bbox 1490 2681 1819 2795; x_wconf 54' lang='lat' dir='ltr'>im⁴perilim</span> <span class='ocrx_word' id='word_1_200' title='bbox 1848 2679 2051 2738; x_wconf 79' lang='lat' dir='ltr'>bonus</span> <span class='ocrx_word' id='word_1_201' title='bbox 2078 2684 2145 2740; x_wconf 91' lang='lat' dir='ltr'>et</span> <span class='ocrx_word' id='word_1_202' title='bbox 2168 2677 2489 2761; x_wconf 59' lang='lat' dir='ltr'>ignavus&#39;</span> 
     </span>
     <span class='ocr_line' id='line_1_27' title="bbox 393 2757 2440 2865; baseline -0.006 -20"><span class='ocrx_word' id='word_1_203' title='bbox 393 2806 592 2865; x_wconf 89' lang='lat' dir='ltr'>aeque</span> <span class='ocrx_word' id='word_1_204' title='bbox 619 2785 741 2844; x_wconf 89' lang='lat' dir='ltr'>sibi</span> <span class='ocrx_word' id='word_1_205' title='bbox 769 2790 1073 2862; x_wconf 85' lang='lat' dir='ltr'>exoptant</span> <span class='ocrx_word' id='word_1_206' title='bbox 1100 2801 1118 2856; x_wconf 91' lang='lat'>;</span> <span class='ocrx_word' id='word_1_207' title='bbox 1159 2781 1275 2840; x_wconf 90' lang='lat' dir='ltr'>sed</span> <span class='ocrx_word' id='word_1_208' title='bbox 1299 2779 1407 2840; x_wconf 90' lang='lat' dir='ltr'>ille</span> <span class='ocrx_word' id='word_1_209' title='bbox 1428 2757 1579 2854; x_wconf 54' lang='lat' dir='ltr'>vcia</span> <span class='ocrx_word' id='word_1_210' title='bbox 1624 2798 1699 2850; x_wconf 59' lang='lat' dir='ltr'>„a</span> <span class='ocrx_word' id='word_1_211' title='bbox 1727 2775 1970 2852; x_wconf 87' lang='lat' dir='ltr'>nititur,</span> <span class='ocrx_word' id='word_1_212' title='bbox 1997 2774 2143 2836; x_wconf 90' lang='lat' dir='ltr'>huic</span> <span class='ocrx_word' id='word_1_213' title='bbox 2167 2775 2312 2854; x_wconf 89' lang='lat' dir='ltr'>quia</span> <span class='ocrx_word' id='word_1_214' title='bbox 2334 2775 2440 2834; x_wconf 90' lang='lat' dir='ltr'>bo-</span> 
     </span>
     <span class='ocr_line' id='line_1_28' title="bbox 391 2870 2435 2956; baseline -0.007 -12"><span class='ocrx_word' id='word_1_215' title='bbox 391 2903 512 2944; x_wconf 89' lang='lat' dir='ltr'>nae</span> <span class='ocrx_word' id='word_1_216' title='bbox 541 2888 710 2942; x_wconf 85' lang='lat' dir='ltr'>artes</span> <span class='ocrx_word' id='word_1_217' title='bbox 737 2881 986 2955; x_wconf 85' lang='lat' dir='ltr'>desunt,</span> <span class='ocrx_word' id='word_1_218' title='bbox 1016 2877 1178 2939; x_wconf 88' lang='lat' dir='ltr'>dolis</span> <span class='ocrx_word' id='word_1_219' title='bbox 1207 2883 1397 2956; x_wconf 86' lang='lat' dir='ltr'>atque</span> <span class='ocrx_word' id='word_1_220' title='bbox 1426 2874 1691 2935; x_wconf 84' lang='lat' dir='ltr'>fallaciis</span> <span class='ocrx_word' id='word_1_221' title='bbox 1718 2873 2064 2934; x_wconf 89' lang='lat' dir='ltr'>contendit.</span> <span class='ocrx_word' id='word_1_222' title='bbox 2148 2870 2435 2934; x_wconf 85' lang='lat' dir='ltr'>Avaritia</span> 
     </span>
     <span class='ocr_line' id='line_1_29' title="bbox 391 2967 2439 3060; baseline -0.006 -19"><span class='ocrx_word' id='word_1_223' title='bbox 391 2979 696 3060; x_wconf 88' lang='lat' dir='ltr'>pecuniae</span> <span class='ocrx_word' id='word_1_224' title='bbox 741 2977 1018 3038; x_wconf 88' lang='lat' dir='ltr'>studium</span> <span class='ocrx_word' id='word_1_225' title='bbox 1059 2974 1272 3051; x_wconf 88' lang='lat' dir='ltr'>habet,</span> <span class='ocrx_word' id='word_1_226' title='bbox 1314 2994 1503 3060; x_wconf 60' lang='lat' dir='ltr'>Qffffl</span> <span class='ocrx_word' id='word_1_227' title='bbox 1538 2991 1721 3032; x_wconf 88' lang='lat' dir='ltr'>nemo</span> <span class='ocrx_word' id='word_1_228' title='bbox 1760 2971 2012 3048; x_wconf 83' lang='lat' dir='ltr'>sapiens</span> <span class='ocrx_word' id='word_1_229' title='bbox 2058 2967 2439 3047; x_wconf 80' lang='lat' dir='ltr'>concupivit3</span> 
     </span>
     <span class='ocr_line' id='line_1_30' title="bbox 395 3063 2436 3158; baseline -0.008 -18"><span class='ocrx_word' id='word_1_230' title='bbox 395 3099 490 3155; x_wconf 90' lang='lat' dir='ltr'>ea,</span> <span class='ocrx_word' id='word_1_231' title='bbox 519 3077 698 3158; x_wconf 86' lang='lat' dir='ltr'>quasi</span> <span class='ocrx_word' id='word_1_232' title='bbox 725 3072 984 3136; x_wconf 86' lang='lat' dir='ltr'>venenis</span> <span class='ocrx_word' id='word_1_233' title='bbox 1011 3071 1191 3132; x_wconf 85' lang='lat' dir='ltr'>malis</span> <span class='ocrx_word' id='word_1_234' title='bbox 1231 3072 1493 3148; x_wconf 88' lang='lat' dir='ltr'>imbuta,</span> <span class='ocrx_word' id='word_1_235' title='bbox 1521 3088 1749 3148; x_wconf 85' lang='lat' dir='ltr'>corpus</span> <span class='ocrx_word' id='word_1_236' title='bbox 1774 3068 2171 3144; x_wconf 85' lang='lat' dir='ltr'>animumque</span> <span class='ocrx_word' id='word_1_237' title='bbox 2196 3063 2436 3127; x_wconf 82' lang='lat' dir='ltr'>virilem</span> 
     </span>
     <span class='ocr_line' id='line_1_31' title="bbox 297 3163 2441 3250; baseline -0.009 -10"><span class='ocrx_word' id='word_1_238' title='bbox 297 3192 365 3241; x_wconf 84' lang='lat'>80</span> <span class='ocrx_word' id='word_1_239' title='bbox 397 3175 738 3250; x_wconf 83' lang='lat' dir='ltr'>effeminat,</span> <span class='ocrx_word' id='word_1_240' title='bbox 794 3191 1039 3250; x_wconf 88' lang='lat' dir='ltr'>semper</span> <span class='ocrx_word' id='word_1_241' title='bbox 1090 3168 1352 3246; x_wconf 87' lang='lat' dir='ltr'>infinita,</span> <span class='ocrx_word' id='word_1_242' title='bbox 1400 3165 1775 3228; x_wconf 81' lang='lat' dir='ltr'>insatiabilis</span> <span class='ocrx_word' id='word_1_243' title='bbox 1830 3170 1949 3241; x_wconf 90' lang='lat' dir='ltr'>est,</span> <span class='ocrx_word' id='word_1_244' title='bbox 2006 3182 2208 3242; x_wconf 87' lang='lat' dir='ltr'>neque</span> <span class='ocrx_word' id='word_1_245' title='bbox 2260 3163 2441 3240; x_wconf 85' lang='lat' dir='ltr'>eopia</span> 
     </span>
    </p>
   </div>
   <div class='ocr_carea' id='block_1_3' title="bbox 397 3260 2553 3349">
    <p class='ocr_par' dir='ltr' id='par_1_3' title="bbox 397 3260 2553 3349">
     <span class='ocr_line' id='line_1_32' title="bbox 397 3260 2553 3349; baseline -0.006 -19"><span class='ocrx_word' id='word_1_246' title='bbox 397 3291 598 3348; x_wconf 88' lang='lat' dir='ltr'>neque</span> <span class='ocrx_word' id='word_1_247' title='bbox 627 3271 841 3349; x_wconf 88' lang='lat' dir='ltr'>inopia</span> <span class='ocrx_word' id='word_1_248' title='bbox 866 3268 1186 3328; x_wconf 86' lang='lat' dir='ltr'>minuitur.</span> <span class='ocrx_word' id='word_1_249' title='bbox 1271 3265 1399 3326; x_wconf 82' lang='lat' dir='ltr'>Sed</span> <span class='ocrx_word' id='word_1_250' title='bbox 1436 3272 1771 3344; x_wconf 84' lang='lat' dir='ltr'>postquam</span> <span class='ocrx_word' id='word_1_251' title='bbox 1797 3262 1867 3323; x_wconf 89' lang='lat' dir='ltr'>L.</span> <span class='ocrx_word' id='word_1_252' title='bbox 1902 3261 2095 3337; x_wconf 80' lang='lat' dir='ltr'>Sulla,</span> <span class='ocrx_word' id='word_1_253' title='bbox 2122 3260 2308 3320; x_wconf 86' lang='lat' dir='ltr'>armis</span> <span class='ocrx_word' id='word_1_254' title='bbox 2347 3278 2441 3317; x_wconf 88' lang='lat' dir='ltr'>re·</span> <span class='ocrx_word' id='word_1_255' title='bbox 2548 3335 2553 3340; x_wconf 88' lang='lat'>.</span> 
     </span>
    </p>
   </div>
   <div class='ocr_carea' id='block_1_4' title="bbox 301 3357 2445 3935">
    <p class='ocr_par' dir='ltr' id='par_1_4' title="bbox 301 3357 2445 3935">
     <span class='ocr_line' id='line_1_33' title="bbox 395 3357 2441 3448; baseline -0.008 -18"><span class='ocrx_word' id='word_1_256' title='bbox 395 3375 580 3448; x_wconf 89' lang='lat' dir='ltr'>cepta</span> <span class='ocrx_word' id='word_1_257' title='bbox 605 3381 674 3426; x_wconf 86' lang='lat' dir='ltr'>re</span> <span class='ocrx_word' id='word_1_258' title='bbox 699 3366 972 3445; x_wconf 87' lang='lat' dir='ltr'>publica,</span> <span class='ocrx_word' id='word_1_259' title='bbox 1000 3364 1175 3424; x_wconf 87' lang='lat' dir='ltr'>bonis</span> <span class='ocrx_word' id='word_1_260' title='bbox 1203 3361 1407 3422; x_wconf 86' lang='lat' dir='ltr'>initiis</span> <span class='ocrx_word' id='word_1_261' title='bbox 1434 3361 1629 3421; x_wconf 89' lang='lat' dir='ltr'>malos</span> <span class='ocrx_word' id='word_1_262' title='bbox 1668 3367 1933 3421; x_wconf 77' lang='lat' dir='ltr'>eventus</span> <span class='ocrx_word' id='word_1_263' title='bbox 1959 3357 2195 3434; x_wconf 83' lang='lat' dir='ltr'>habuit,</span> <span class='ocrx_word' id='word_1_264' title='bbox 2225 3375 2441 3434; x_wconf 84' lang='lat' dir='ltr'>rapere</span> 
     </span>
     <span class='ocr_line' id='line_1_34' title="bbox 397 3457 2443 3541; baseline -0.007 -16"><span class='ocrx_word' id='word_1_265' title='bbox 397 3484 638 3541; x_wconf 88' lang='lat' dir='ltr'>omnes,</span> <span class='ocrx_word' id='word_1_266' title='bbox 680 3463 944 3536; x_wconf 89' lang='lat' dir='ltr'>trahere,</span> <span class='ocrx_word' id='word_1_267' title='bbox 987 3461 1239 3520; x_wconf 90' lang='lat' dir='ltr'>domum</span> <span class='ocrx_word' id='word_1_268' title='bbox 1285 3457 1466 3534; x_wconf 61' lang='lat' dir='ltr'>alim,</span> <span class='ocrx_word' id='word_1_269' title='bbox 1511 3457 1669 3517; x_wconf 90' lang='lat' dir='ltr'>alius</span> <span class='ocrx_word' id='word_1_270' title='bbox 1716 3479 1903 3536; x_wconf 87' lang='lat' dir='ltr'>agros</span> <span class='ocrx_word' id='word_1_271' title='bbox 1952 3475 2201 3535; x_wconf 86' lang='lat' dir='ltr'>cupere,</span> <span class='ocrx_word' id='word_1_272' title='bbox 2241 3460 2443 3530; x_wconf 83' lang='lat' dir='ltr'>neq&#39;ue</span> 
     </span>
     <span class='ocr_line' id='line_1_35' title="bbox 397 3546 2445 3637; baseline -0.008 -15"><span class='ocrx_word' id='word_1_273' title='bbox 397 3562 646 3622; x_wconf 87' lang='lat' dir='ltr'>modum</span> <span class='ocrx_word' id='word_1_274' title='bbox 687 3579 890 3637; x_wconf 90' lang='lat' dir='ltr'>neque</span> <span class='ocrx_word' id='word_1_275' title='bbox 933 3554 1298 3616; x_wconf 85' lang='lat' dir='ltr'>modestiam</span> <span class='ocrx_word' id='word_1_276' title='bbox 1327 3553 1599 3616; x_wconf 82' lang='lat' dir='ltr'>victores</span> <span class='ocrx_word' id='word_1_277' title='bbox 1638 3555 1889 3632; x_wconf 89' lang='lat' dir='ltr'>habere,</span> <span class='ocrx_word' id='word_1_278' title='bbox 1915 3553 2107 3613; x_wconf 77' lang='lat' dir='ltr'>foeda</span> <span class='ocrx_word' id='word_1_279' title='bbox 2148 3546 2445 3611; x_wconf 86' lang='lat' dir='ltr'>crudelia-</span> 
     </span>
     <span class='ocr_line' id='line_1_36' title="bbox 301 3643 2439 3753; baseline -0.008 -32"><span class='ocrx_word' id='word_1_280' title='bbox 301 3670 367 3721; x_wconf 73' lang='lat'>85</span> <span class='ocrx_word' id='word_1_281' title='bbox 399 3678 522 3738; x_wconf 90' lang='lat' dir='ltr'>que</span> <span class='ocrx_word' id='word_1_282' title='bbox 570 3659 636 3716; x_wconf 88' lang='lat' dir='ltr'>in</span> <span class='ocrx_word' id='word_1_283' title='bbox 684 3655 864 3736; x_wconf 29' lang='lat' dir='ltr'>cives·</span> <span class='ocrx_word' id='word_1_284' title='bbox 877 3655 1174 3730; x_wconf 61' lang='lat' dir='ltr'>jacinora</span> <span class='ocrx_word' id='word_1_285' title='bbox 1220 3653 1443 3712; x_wconf 85' lang='lat' dir='ltr'>facere.</span> <span class='ocrx_word' id='word_1_286' title='bbox 1543 3650 1689 3710; x_wconf 88' lang='lat' dir='ltr'>Huc</span> <span class='ocrx_word' id='word_1_287' title='bbox 1736 3651 2098 3753; x_wconf 67' lang='lat' dir='ltr'>accedebat,</span> <span class='ocrx_word' id='word_1_288' title='bbox 2148 3647 2317 3726; x_wconf 74' lang='lat' dir='ltr'>quod</span> <span class='ocrx_word' id='word_1_289' title='bbox 2368 3643 2439 3704; x_wconf 85' lang='lat' dir='ltr'>L.</span> 
     </span>
     <span class='ocr_line' id='line_1_37' title="bbox 401 3735 2445 3834; baseline -0.007 -18"><span class='ocrx_word' id='word_1_290' title='bbox 401 3753 577 3817; x_wconf 86' lang='lat' dir='ltr'>Sulla</span> <span class='ocrx_word' id='word_1_291' title='bbox 616 3737 976 3824; x_wconf 52' lang='lat' dir='ltr'>sarcitum,</span> <span class='ocrx_word' id='word_1_292' title='bbox 1006 3768 1190 3827; x_wconf 90' lang='lat' dir='ltr'>quem</span> <span class='ocrx_word' id='word_1_293' title='bbox 1229 3746 1300 3806; x_wconf 88' lang='lat' dir='ltr'>in</span> <span class='ocrx_word' id='word_1_294' title='bbox 1325 3745 1487 3807; x_wconf 87' lang='lat' dir='ltr'>Asia</span> <span class='ocrx_word' id='word_1_295' title='bbox 1514 3747 1903 3834; x_wconf 73' lang='lat' dir='ltr'>ductaverat,</span> <span class='ocrx_word' id='word_1_296' title='bbox 1932 3735 2217 3823; x_wconf 64' lang='lat' dir='ltr'>quo⁵sibi</span> <span class='ocrx_word' id='word_1_297' title='bbox 2254 3741 2445 3802; x_wconf 85' lang='lat' dir='ltr'>fidum</span> 
     </span>
     <span class='ocr_line' id='line_1_38' title="bbox 400 3836 2439 3935; baseline -0.008 -22"><span class='ocrx_word' id='word_1_298' title='bbox 400 3853 656 3926; x_wconf 79' lang='lat' dir='ltr'>faceret,</span> <span class='ocrx_word' id='word_1_299' title='bbox 679 3853 893 3910; x_wconf 89' lang='lat' dir='ltr'>contra</span> <span class='ocrx_word' id='word_1_300' title='bbox 919 3863 1153 3905; x_wconf 88' lang='lat' dir='ltr'>morem</span> <span class='ocrx_word' id='word_1_301' title='bbox 1172 3841 1477 3923; x_wconf 79' lang='lat' dir='ltr'>majorum</span> <span class='ocrx_word' id='word_1_302' title='bbox 1502 3841 1817 3904; x_wconf 85' lang='lat' dir='ltr'>luxuriose</span> <span class='ocrx_word' id='word_1_303' title='bbox 1844 3840 2155 3935; x_wconf 84' lang='lat' dir='ltr'>nimisque</span> <span class='ocrx_word' id='word_1_304' title='bbox 2182 3836 2439 3900; x_wconf 83' lang='lat' dir='ltr'>liberali·</span> 
     </span>
    </p>
   </div>
  </div>
 </body>
</html>
