2775 4192
331 181 414 244 32
979 178 1919 250 asianusmcmsnnmm

429 341 514 404 de
537 341 753 406 inferis
791 350 1232 420 memorantur,
1259 341 1509 405 diverso
1544 343 1769 407 itinere
1798 343 1999 406 malos
2037 364 2078 405 a
2113 344 2296 408 bonis
2330 344 2473 408 loca

430 445 662 516 taetra,
701 439 956 518 inculta,
993 439 1182 500 foeda
1223 446 1413 518 atque
1458 439 1867 501 formidulosa
1911 440 2162 503 habere.
2246 442 2471 521 Itaque

433 537 677 598 censuit
701 539 996 618 pecunias
1023 557 1234 598 eorum
1261 537 1689 616 publicandas,
1706 539 1885 617 ipsos
1908 559 2025 618 per
2048 537 2387 620 municipia
2404 541 2473 599 in

432 634 734 695 custodiis
775 634 1143 710 habendos;
1189 632 1477 696 videlicet
1516 632 1746 695 timens
1788 655 1891 712 ne,
1934 636 1991 696 si
2034 635 2277 698 Romae
2320 637 2471 714 sint,

331 739 341 750 ’
365 745 397 792 ὅ
431 739 544 792 aut
568 751 608 791 a
635 732 1038 812 popularibus
1063 731 1509 811 conjurationis
1528 739 1641 791 aut
1666 752 1705 792 a
1730 732 2135 795 multitudine
2161 736 2473 816 conducta

429 850 544 909 per
567 831 696 889 vim
719 829 1080 910 eripiantur.
1149 828 1348 904 Quasi
1371 851 1523 893 vero
1548 829 1699 890 mali
1724 836 1915 910 atque
1942 830 2199 912 scelesti
2222 838 2469 893 tantum

429 927 618 987 modo
641 926 717 1011 in·
736 927 890 988 urbe
927 933 992 988 et
1019 947 1145 987 non
1183 947 1296 1006 per
1320 933 1539 987 totam
1574 925 1827 987 Italiam
1849 926 2025 1004 Q
2065 935 2177 988 aut
2214 949 2342 988 ιιοιι
2382 929 2473 988 ibi

429 1024 572 1104 plus
613 1025 817 1104 possit
868 1025 1155 1102 audacia,
1193 1023 1304 1084 ubi
1356 1024 1441 1085 ad
1482 1023 1945 1085 defendendum
1998 1044 2152 1103 opes
2203 1026 2475 1086 minores

431 1129 598 1182 sunt.
681 1121 890 1195 Quare
912 1141 1142 1184 vanum
1169 1120 1457 1200 equidem
1497 1120 1617 1182 hoc
1644 1120 1971 1181 consilium
2006 1127 2127 1197 est,
2154 1123 2210 1182 si
2237 1121 2473 1201 perieu-

335 1233 400 1283 10
429 1216 560 1279 lum
587 1239 670 1280 ex
694 1217 822 1280 illis
839 1219 1070 1280 'metuit
1094 1238 1113 1295 3
1153 1217 1251 1278 sin
1290 1218 1359 1279 in
1399 1225 1585 1280 tanto
1611 1219 1893 1280 omnium
1933 1225 2105 1278 metu
2132 1218 2305 1280 solus
2342 1237 2473 1281 non

429 1314 636 1392 timet,
657 1337 734 1376 eo
761 1317 966 1396 magis
991 1317 1186 1378 refert
1213 1336 1310 1376 me
1336 1315 1494 1376 mihi
1519 1323 1713 1396 atque
1736 1317 1915 1378 vobis
1942 1316 2182 1378 timere.
2264 1314 2473 1391 Quare

428 1435 622 1495 quum
647 1415 729 1476 de
772 1414 841 1475 P.
870 1413 1146 1476 Lentulo
1160 1415 1531 1494 ·ceterisque
1574 1413 1891 1491 statuetis,
1916 1434 2035 1494 pro
2075 1420 2247 1476 certo
2287 1413 2477 1476 habe-

427 1518 586 1590 tote,
613 1531 724 1574 vos
750 1511 930 1572 simul
959 1513 1042 1576 de
1081 1512 1364 1574 exercitu
1386 1511 1696 1575 Catilinae
1737 1518 1805 1572 et
1830 1513 1911 1574 de
1950 1511 2240 1574 omnibus.
2264 1512 2475 1593 conju·

428 1608 585 1671 ratis
623 1611 975 1675 decernere.
1079 1610 1332 1685 Quanto
1379 1633 1495 1674 vos
1536 1611 1845 1674 attentius
1892 1631 1970 1672 ea
2016 1611 2243 1691 agetis,
2283 1616 2472 1672 tanto
2508 1667 2521 1672 -

333 1723 396 1770 15
427 1707 556 1769 illis
581 1709 826 1770 animus
853 1709 1154 1770 infirmior
1177 1711 1326 1772 erit:
1369 1711 1426 1772 si
1451 1707 1775 1791 paululum
1814 1710 2003 1771 modo
2032 1729 2141 1772 vos
2166 1707 2471 1790 languere

429 1807 718 1885 viderint,
747 1809 876 1890 jam
903 1829 1124 1870 omnes
1146 1809 1393 1871 feroces
1417 1809 1702 1871 aderunt.

550 1906 770 1970 Nolite
795 1907 1152 1969 existimare
1179 1907 1447 1990 majores
1486 1915 1736 1970 nostros
1770 1907 1959 1970 armis
1998 1927 2131 1968 rem
2155 1906 2469 1986 publicam

427 2025 510 2066 ex
533 2027 728 2086 parva
753 2027 1043 2088 magnam
1072 2007 1316 2069 fecisse.
1402 2005 1469 2071 Si
1496 2005 1587 2066 ita
1620 2027 1727 2068 res
1752 2013 1939 2083 esset,
1959 2005 2161 2065 multo
2186 2006 2469 2085 pulcher-

413 2104 640 2180 Qm
669 2126 808 2166 eam
835 2126 950 2166 nos
975 2105 1346 2167 haberemus
1372 2125 1392 2182 3
1418 2104 1654 2186 quippe
1680 2105 1981 2166 sociorum
2002 2091 2195 2184 atque
2220 2102 2468 2183 civium,

329 2205 398 2254 20
427 2209 752 2280 praeterea
777 2223 1084 2265 armorum
1111 2210 1304 2284 atque
1333 2222 1630 2283 equorum
1658 2203 1854 2284 major
1874 2201 2056 2282 copia
2081 2203 2261 2262 nobis
2281 2222 2466 2282 quam

425 2297 550 2360 illis
593 2308 714 2382 est.
801 2300 930 2364 Sed
973 2301 1096 2362 alia
1136 2303 1330 2380 fuere,
1358 2322 1521 2382 quae
1558 2299 1699 2362 illos
1739 2321 2003 2382 mag-nos
2044 2302 2267 2380 fecere,
2306 2323 2467 2382 quae

425 2391 610 2459 nobis
647 2398 834 2470 nulla
859 2407 1032 2462 sunt:
1075 2401 1247 2462 domi
1285 2401 1613 2477 industria,
1641 2401 1793 2462 foris
1827 2403 2065 2483 justum
2102 2403 2467 2482 imperium3

425 2497 670 2560 animus
711 2498 778 2560 in
821 2499 1203 2560 consulendo
1245 2497 1428 2578 liber,
1454 2518 1659 2578 neque
1704 2497 1948 2563 delicto
1978 2519 2185 2581 neque
2226 2497 2469 2559 libidini

427 2594 754 2659 obnoxius.
824 2593 948 2656 Pro
974 2595 1072 2658 his
1099 2617 1214 2657 nos
1241 2597 1547 2659 habemus
1576 2597 1884 2680 luxuriam
1910 2605 2099 2676 atque
2120 2597 2467 2675 avaritiam,

327 2695 395 2746 25
426 2693 674 2774 publice
701 2701 1074 2773 egestatem,
1101 2693 1400 2774 privatim
1442 2693 1861 2774 opulentiam3
1902 2694 2229 2782 laudamus
2256 2692 2465 2754 diviti-

427 2810 520 2868 as,
560 2789 877 2871 sequimur
920 2791 1248 2869 inertiam3
1303 2793 1472 2852 inter
1511 2793 1711 2853 bonos
1766 2799 1835 2853 et
1886 2789 2085 2852 malos
2128 2790 2461 2851 discrimen

425 2886 700 2966 nullum3
743 2890 956 2949 omnia
983 2888 1238 2949 virtutis
1264 2879 1537 2976 praemia
1572 2888 1833 2949 ambitio
1860 2889 2159 2968 possidet.
2243 2888 2465 2968 Neque

427 2984 676 3045 mirum·
719 2985 830 3047 ubi
859 3005 970 3048 vos
1010 2985 1344 3066 separatim
1385 2986 1514 3046 sibi
1553 2987 1815 3065 quisque
1854 2969 2179 3046 consilium
2219 2985 2465 3064 capitis,

427 3081 539 3143 ubi
565 3083 732 3145 domi
757 3083 1207 3176 voluptatibus,
1221 3082 1665 3184 Qpecuniae
1693 3089 1807 3144 aut
1832 3083 2073 3163 gratiae
2102 3084 2366 3172 servitiS,
2390 3103 2469 3144 eo

329 3185 397 3238 80
426 3181 520 3258 fit,
547 3187 622 3242 ut
648 3180 920 3261 impetus
948 3182 1059 3241 fiat
1085 3169 1147 3240 ἵιι
1179 3199 1431 3241 vacuam
1459 3201 1588 3240 rem
1616 3179 1947 3259 publicam.
2037 3189 2051 3208 ’
2410 3166 2433 3198 ⁸

551 3277 678 3339 Sed
725 3299 848 3358 ego
888 3277 1042 3338 haec
1087 3274 1846 3356 omitto.Conjurave1-e
1887 3273 2255 3338 nobilissimi
2297 3277 2469 3339 cives

425 3375 698 3455 patriam
724 3373 1078 3452 incendere,
1105 3372 1431 3435 Gallorum
1456 3380 1713 3453 gentem
1740 3372 2207 3436 infestissimam
2234 3373 2471 3441 nomini

427 3471 732 3552 RomQ
753 3471 832 3532 ad
872 3470 1106 3532 bellum
1149 3477 1491 3546 arcessunt,
1520 3471 1653 3530 dux
1694 3461 1967 3532 hostium
2006 3493 2148 3535 cum
2188 3472 2471 3534 exercitu

427 3588 618 3648 supra
658 3573 852 3647 caput
891 3575 1024 3631 est:
1066 3587 1181 3630 vos
1221 3567 1599 3628 cunctamini
1646 3567 1837 3628 etiam
1880 3589 2069 3645 nune,
2111 3570 2221 3648 qui
2301 3569 2470 3630 intra

331 3673 396 3725 ⁸5
428 3662 678 3726 moenia.
703 3663 1106 3742 deprehensis
1130 3662 1419 3723 hostibus
1446 3662 1693 3724 faciatis
1712 3665 1744 3726 ‘1’
1802 3665 2156 3740 Miser-gumi
2224 3671 2473 3728 'censeo

429 3758 833 3839 -deliquere
857 3757 1140 3819 homines
1168 3755 1621 3819 adulescentuli
1646 3779 1762 3838 per
1795 3755 2471 3842 ambitionem—atque

431 3857 622 3918 etiam
663 3859 938 3915 armatos
976 3854 1332 3930 dimittatis,
1416 3853 1517 3932 Ne
1564 3854 1693 3931 ista,
1718 3855 1916 3945 gobis
1946 3858 2363 3919 mansuetudo
2404 3863 2473 3920 et
