2775 4192
361 173 443 235 34
959 191 964 198 ·
1013 169 1067 221 0.
1101 167 1454 220 SALLUS'm
1496 165 1714 228 ORISPI
1758 163 1965 215 LIBER

463 339 708 410 vocant,
741 332 900 394 Cato
942 332 1142 394 clarus
1183 339 1374 412 atque
1412 350 1681 411 magnus
1719 328 2021 406 habetur;
2062 327 2271 390 senati
2294 325 2509 388 decre-

459 439 598 493 tum
623 432 696 491 fit
724 431 887 500 sicut
912 431 1019 490 ille
1049 435 1394 490 censuerat.

583 531 708 592 Sed
747 528 902 588 mihi
949 528 1149 587 multa
1192 525 1454 608 legenti,
1481 523 1683 584 multa
1712 522 2015 599 audienti,
2044 541 2205 600 quae
2236 520 2509 601 populus

463 629 782 690 Romanus
811 627 981 685 domi
1013 622 1423 702 militiaeque,
1452 621 1607 680 mari
1646 627 1837 698 atque
1872 627 2042 680 terra
2067 619 2389 699 praeclara
2414 619 2511 678 fa·

399 742 430 788 5
465 727 672 789 cinora
701 727 870 805 fecit,
912 727 1075 785 sorte
1106 721 1292 782 libuit
1321 721 1667 794 attendere,
1700 738 1985 796 quae-ms
2012 718 2283 786 maxime
2324 723 2511 776 tanta

463 828 722 905 negotia
764 825 1184 886 sustinuisset.
1278 819 1567 904 Sciebam
1610 834 2059 894 saepenumero
2085 835 2283 896 parva*
2318 833 2512 874 manu

465 944 603 983 cum
634 922 875 1004 magnis
916 921 1272 1001 legionibus
1315 914 1591 1002 hostium
1619 907 2054 990 contendisse;
2096 933 2511 991 cognoveram

463 1021 672 1101 parvis
713 1020 912 1100 copiis
957 1019 1122 1080 bella
1165 1023 1349 1098 gesta
1388 1035 1528 1096 cum
1569 1011 1889 1092 opulentis
1928 1011 2223 1088 regibus,
2206 1030 2222 1046 ·
2266 1010 2346 1068 ad
2390 1009 2510 1068 hoc

466 1139 654 1197 saepe
683 1119 966 1197 fortunae
1009 1117 1370 1196 violentiam
1414 1111 1832 1185 toleravisse3
1872 1109 2165 1170 facundia
2207 1107 2508 1183 Graecos,

371 1233 434 1280 10
465 1215 667 1295 gloria
692 1213 839 1276 belli
884 1214 1100 1276 Gallos
1137 1220 1289 1274 ante
1329 1213 1648 1272 Romanos
1689 1209 1901 1270 fuisse.
1986 1205 2085 1266 Ac
2126 1205 2277 1265 mihi
2312 1205 2511 1264 multa

465 1313 737 1400 agitanti
781 1314 1110 1374 constabat
1164 1330 1504 1392 paucorum
1560 1306 1788 1369 civium
1841 1303 2163 1384 egregiam
2209 1302 2510 1362 virt-utem

465 1415 721 1472 cuncta
744 1410 1109 1490 patravisse,
1159 1427 1358 1487 eoque
1404 1406 1648 1466 factum
1704 1401 1801 1462 uti
1848 1401 2101 1462 divitias
2149 1400 2511 1480 paupertas,

463 1507 928 1569 multitudinem
951 1509 1234 1587 paucitas
1261 1511 1606 1585 superaret.
1695 1501 1825 1563 Sed
1862 1505 2196 1586 postquam
2237 1499 2387 1558 luxu
2414 1505 2511 1558 at-

467 1627 588 1685 que
615 1605 858 1666 desidia
885 1605 1106 1667 civitas
1133 1593 1431 1683 corrupta
1470 1593 1591 1679 est,
1620 1623 1831 1662 rursus
1861 1621 1963 1661 res
1993 1598 2243 1680 publica
2270 1597 2514 1676 magni·

371 1714 432 1761 15
467 1705 686 1764 tudine
707 1723 821 1763 sua
840 1704 1280 1783 imperatorum
1301 1707 1493 1780 atque
1512 1701 1996 1780 magistratuum
2020 1699 2174 1759 vitia
2197 1702 2509 1756 sustenta-

467 1803 600 1878 bat,
631 1821 704 1863 ac
733 1801 946 1860 multis
987 1799 1473 1880 tempestatibus
1514 1798 1681 1859 haud
1722 1818 1873 1859 sane
1916 1797 2241 1876 quisquam
2270 1789 2509 1856 Romae

465 1898 698 1961 virtute
731 1882 996 1978 magnus
1040 1896 1182 1959 fuit.
1268 1895 1397 1958 Sed
1439 1896 1775 1972 memo-ria-
1776 1916 1917 1956 mea
1954 1893 2559 1974 ingenti-xirtQ

467 1983 727 2056 diversis
745 1996 1017 2056 moribus
1039 1995 1208 2056 fuere
1227 1995 1345 2056 viri
1365 1994 1508 2071 duo,
1531 1994 1613 2054 Μ.
1641 1993 1802 2054 Cato
1824 2000 1891 2054 et
1910 1991 1979 2054 O.
2000 1991 2246 2052 Caesar.
2332 1989 2513 2064 Quos

468 2095 763 2204 quoniam
791 2113 887 2153 res
927 2093 1265 2169 obtulerat,
1295 2091 1551 2168 silentio
1592 2090 1929 2171 praeterire
1958 2110 2085 2149 non
2112 2088 2239 2148 fuit
2268 2087 2511 2150 consili-

371 2197 436 2244 20
468 2211 595 2268 um,
639 2190 790 2270 quin
831 2190 1154 2270 utriusque
1197 2196 1487 2250 naturam
1532 2195 1597 2251 et
1640 2208 1866 2266 mores,
1908 2193 2210 2266 quantum
2252 2185 2511 2267 ingenio

467 2309 738 2368 possem,
767 2287 1085 2366 aperirem.

591 2383 758 2446 LIV.
803 2383 1010 2464 Igitur
1047 2384 1136 2446 eis
1174 2403 1394 2465 genus,
1421 2390 1617 2461 aetaS,
1648 2382 2029 2462 eloquentia,
2057 2405 2253 2464 prope
2291 2403 2512 2462 aequa-

469 2481 556 2541 lia
581 2481 781 2558 fuere,
819 2481 1191 2560 magnitudo
1229 2480 1421 2540 animi
1464 2501 1597 2567 par,
1638 2481 1793 2539 item
1822 2479 2042 2561 gloria,
2068 2482 2181 2541 sed
2220 2480 2345 2553 alia„
2383 2479 2508 2552 affl„

472 2579 705 2640 Caesar
757 2578 1075 2640 beneficiis
1119 2597 1192 2639 ac
1232 2578 1655 2648 munificentia
1696 2599 1963 2658 magnus
2006 2577 2373 2652 habebatur,
2421 2579 2513 2636 in·

373 2689 436 2736 25
471 2675 784 2758 tegritat‘e*
811 2677 980 2738 vitae
1028 2675 1206 2738 Cato,
1289 2675 1408 2737 Ille
1456 2677 1934 2736 mansuetudine
1985 2682 2053 2736 et
2090 2674 2513 2736 misericordia

470 2774 670 2836 clarus
700 2775 918 2852 factus,
951 2773 1094 2834 huic
1121 2774 1422 2856 severitas
1448 2774 1823 2854 dignitatem
1854 2775 2198 2836 addiderat.
2282 2773 2519 2834 Caesar

472 2873 698 2948 dando,
729 2870 1134 2950 sublevando,
1172 2871 1581 2952 ignoscendO,
1609 2873 1767 2933 Cato
1811 2871 1991 2932 nihil·
2010 2871 2339 2951 largiundo
2379 2870 2522 2952 gloz
2552 2913 2561 2930 .

471 2968 624 3028 riam
667 2969 934 3047 adeptus
979 2975 1095 3030 est.
1179 2967 1253 3028 In
1300 2969 1499 3030 altero
1543 2969 1786 3030 miseris
1836 2968 2196 3050 perfugium
2246 2977 2401 3045 erat,
2446 2967 2512 3028 in

473 3067 668 3128 altero
715 3066 896 3127 malis
948 3066 1295 3146 pernicies3
1349 3066 1522 3126 illius
1578 3067 1872 3152 facilitas,
1920 3068 2109 3148 hujus
2162 3064 2517 3126 constantia

375 3173 440 3222 30
473 3165 859 3225 laudabatur.
944 3165 1268 3226 Postremo
1299 3164 1533 3225 Caesar
1558 3163 1627 3224 in
1669 3167 1942 3224 animum
1970 3163 2305 3228 induxerat
2344 3162 2517 3223 labo-

474 3283 626 3339 rare,
665 3263 944 3342 vigilare,
985 3263 1260 3343 negotiis
1303 3262 1637 3322 amicorum
1676 3261 1963 3323 intentus
2005 3283 2119 3322 sua
2158 3260 2515 3340 neglegere,

474 3359 628 3418 nihil
655 3360 965 3439 denegare
995 3361 1164 3439 quod
1190 3361 1355 3419 dono
1383 3358 1646 3438 dignum
1674 3365 1843 3419 esset
1870 3379 1888 3434 3
1932 3357 2051 3419 sibi
2088 3377 2384 3436 magnum
2410 3359 2519 3416 im-

473 3457 734 3536 perium,
783 3459 1142 3532 exercitum,
1186 3455 1419 3516 bellum
1468 3474 1701 3515 novum
1746 3455 2115 3534 exoptabat,
2162 3453 2273 3515 ubi
2316 3453 2516 3514 virtus

477 3551 817 3613 enitescere
846 3559 1083 3630 posset.
1169 3551 1263 3610 At
1293 3551 1522 3611 Catoni
1549 3553 1829 3611 studium
1854 3550 2221 3626 modestiae,
2250 3539 2515 3626 decoris,

379 3660 444 3708 85
478 3649 595 3708 sed
619 3649 886 3708 maxime
915 3647 1270 3718 severitatis
1291 3654 1429 3706 erat
1454 3667 1475 3722 3
1515 3669 1643 3708 non
1663 3647 1909 3709 divitiis·
1928 3669 2065 3708 cum
2088 3647 2286 3708 divite
2314 3667 2517 3725 neque

479 3745 750 3806 factione
773 3765 932 3811 „cum
977 3743 1263 3818 factios0,
1293 3743 1405 3803 sed
1438 3763 1581 3803 cum
1628 3753 1885 3804 strenuo
1918 3745 2175 3822 virtute,
2203 3765 2345 3804 cum
2390 3763 2519 3802 mo·-

481 3843 664 3903 desto
709 3841 962 3921 pudore,
1009 3859 1149 3900 cum
1196 3839 1533 3900 innocente
1575 3825 1963 3916 abstinentia
2009 3841 2331 3921 certabat3
2378 3859 2521 3903 esse
