2775 4192
371 174 452 236 20
949 173 1006 225 c.
1041 171 1391 226 samusm
1436 173 1655 256 ca1sr1
1700 173 1903 226 mma

465 336 636 396 niam
661 342 914 416 egestas
939 336 1123 396 facile
1151 336 1418 398 habetur
1456 337 1591 398 sine
1618 337 1863 400 damno.
1948 337 2073 400 Sed
2110 338 2347 398 urbana
2375 335 2503 418 ple·

466 433 598 510 bes,
637 453 715 495 ea
770 454 916 494 vero
970 454 1266 514 praeceps
1319 441 1457 494 erat
1510 435 1591 496 de
1644 433 1861 495 multis
1913 434 2137 496 causis.
2220 434 2499 496 Primum

467 529 760 606 omnium,
778 533 890 610 qui
917 530 1146 610 ubique
1174 532 1401 610 probro
1427 537 1617 610 atque
1646 532 2001 611 petulantia.
2026 534 2293 592 maxime
2321 553 2498 613 prae·-

465 628 737 704 stabant,
779 627 934 690 item
975 628 1082 688 alii
1126 649 1237 708 per
1275 629 1583 690 dedecora
1621 629 2013 708 patrimoniis
2052 629 2315 706 amissis,
2356 649 2499 710 pos·

401 734 433 781 5
464 732 666 786 tremo
704 746 922 786 omnes
959 745 1118 805 quos
1157 724 1465 805 flagitium
1506 733 1617 786 aut
1656 725 1901 786 facinus
1928 727 2113 786 domo
2154 725 2499 806 expulerat,

459 824 524 882 ei
551 822 814 882 Romam
839 823 1004 882 sicut
1041 821 1110 882 in
1149 823 1461 883 sentinam
1502 823 1947 884 confluxerant.
2030 823 2275 884 Deinde
2316 822 2499 882 multi

463 939 768 981 memores
817 918 1110 980 Sullanae
1149 919 1471 996 victoriae,
1512 921 1681 999 quod
1729 940 1808 980 ex
1848 920 2157 1000 gregariis
2199 918 2497 980 militibus

463 1018 620 1078 alios
660 1024 979 1077 senatores
1020 1017 1340 1094 videbant,
1381 1016 1539 1078 alios
1588 1017 1679 1078 ita
1720 1016 1951 1078 divites
1994 1024 2067 1078 ut
2107 1017 2286 1096 regio
2324 1016 2499 1080 victu

463 1122 654 1194 atque
681 1112 854 1174 cultu
880 1120 1158 1174 aetatem
1185 1121 1469 1192 agerent,
1486 1112 1603 1173 sibi
1632 1115 1915 1193 quisque,
1938 1115 1993 1174 si
2012 1113 2081 1174 in
2106 1115 2293 1174 armis
2314 1115 2497 1190 foret,

370 1221 434 1274 10
465 1231 546 1272 ex
589 1209 852 1272 victoria
893 1210 1049 1270 talia
1091 1209 1406 1290 sperabat.
1490 1209 1827 1270 Praeterea
1872 1211 2191 1292 juventus,
2228 1231 2389 1291 quae
2432 1209 2497 1274 in

463 1309 636 1389 agris
675 1327 970 1369 manuum
1015 1308 1296 1370 mercede
1341 1306 1619 1386 inopiam
1662 1307 2057 1384 toleraverat,
2094 1309 2362 1387 privatis
2404 1319 2497 1370 at-

461 1427 584 1486 que
609 1404 880 1486 publicis
920 1404 1354 1484 largitionibus
1398 1405 1623 1480 excita,
1661 1405 1965 1466 urbanum
2005 1406 2307 1466 otiumin
2239 1413 2499 1490 ingrato

461 1501 662 1564 labori
685 1501 1091 1582 praetulerat.
1175 1501 1306 1562 Eos
1347 1509 1537 1582 atque
1582 1500 1739 1563 alios
1778 1522 1994 1564 omnes
2032 1476 2265 1563 malum
2292 1503 2494 1583 publi·

461 1621 602 1662 cum
627 1599 880 1676 alebat3
935 1622 1056 1680 quo
1107 1601 1308 1661 minus
1356 1599 1706 1660 mirandum
1745 1607 1847 1660 est
1887 1599 2171 1662 homines
2209 1609 2494 1680 egentes,

367 1708 430 1761 15
459 1696 639 1759 malis
683 1697 981 1776 moribuS,
1023 1698 1295 1758 maxima
1347 1717 1483 1776 spe,
1526 1695 1617 1758 rei
1670 1696 1961 1776 publicae
2014 1695 2199 1776 juxta
2247 1717 2321 1756 ac
2374 1697 2497 1758 sibi

460 1793 860 1856 consuluisse.
959 1795 1294 1855 Praeterea
1333 1814 1597 1874 quorum
1636 1794 1898 1854 victoria
1944 1793 2154 1855 Sullae
2200 1801 2497 1873 parentes

459 1893 815 1975 proscripti,
864 1893 1031 1953 bona
1079 1903 1315 1973 erepta,
1360 1895 1467 1974 jus
1520 1892 1833 1954 libertatis
1886 1893 2283 1954 imminutum
2338 1905 2495 1972 erat,

460 1993 626 2054 haud
645 2014 795 2054 sane
807 1919 940 2052 λυ
957 1992 1166 2052 animo
1193 1990 1342 2052 belli
1369 1998 1666 2053 eventum
1693 1992 2161 2071 exspectabant.
2245 1992 2347 2052 Ati
2378 1994 2496 2054 hoc

460 2091 832 2171 quicumque
873 2089 1131 2151 aliarum
1175 2097 1365 2169 atque
1406 2097 1664 2150 senatus
1704 2091 1978 2169 partium
2020 2097 2220 2168 erant,
2250 2097 2494 2153 coutur-

365 2201 432 2250 20
458 2189 594 2248 bari
621 2210 745 2250 rem
773 2188 1086 2270 publicam
1129 2209 1315 2269 quam
1355 2187 1562 2249 minus
1590 2187 1795 2248 valere
1836 2188 1958 2268 ipsi
2000 2187 2333 2250 malebant.
2418 2188 2497 2248 Id

459 2287 618 2346 adeo
642 2286 872 2347 malum
899 2285 1132 2346 multos
1151 2292 1300 2365 post
1325 2306 1529 2346 annos
1555 2286 1617 2346 in
1648 2285 1969 2347 civitatem
1994 2293 2355 2347 reverterat.

465 2407 470 2441 :
580 2384 954 2445 XXXVIII.
1001 2383 1160 2444 Nam
1199 2389 1552 2464 postquam,
1583 2382 1695 2445 Cn.
1725 2381 2029 2464 Pompeio
2056 2390 2125 2442 et
2152 2382 2237 2444 M.
2269 2383 2495 2443 Crasso

459 2481 836 2559 consulibus,
863 2480 1196 2542 tribunicia
1236 2486 1525 2559 potestas
1567 2482 1861 2541 restituta
1890 2487 2009 2558 est,
2039 2479 2317 2540 homines
2344 2480 2496 2540 adu-
2566 2543 2571 2548 ,

458 2579 766 2640 lescentes
793 2599 1090 2639 summam
1112 2584 1501 2657 potestatem
1536 2577 1727 2654 nacti,
1756 2577 1983 2656 quibus
2020 2584 2198 2638 aetas
2228 2578 2493 2638 animus·

362 2687 429 2737 25
459 2695 580 2756 que
606 2676 786 2736 ferox
813 2684 970 2750 erat,
993 2695 1253 2754 coepere
1281 2685 1568 2742 senatum
1596 2675 1983 2736 criminando
2009 2674 2257 2753 plebem
2284 2692 2397 2734 exa
2404 2672 2497 2753 gi-

457 2781 614 2850 tare,
643 2771 788 2834 dein
827 2771 1159 2852 largiundo
1200 2777 1391 2850 atque
1430 2770 1840 2850 pollicitando
1878 2770 2081 2851 mag-is
2124 2771 2492 2832 incendere:

457 2869 548 2930 ita
585 2870 742 2950 ip&
759 2867 926 2950 clari
952 2873 1370 2948 potentesque
1416 2867 1570 2930 fieri.
1654 2867 1889 2930 Contra
1932 2888 2041 2928 eos
2088 2887 2324 2928 summa
2370 2885 2496 2946 ope

457 2947 775 3028 nitebatur
801 2965 1092 3046 pleraque
1113 2965 1431 3041 nobilitas,
1453 2971 1708 3026 senatus
1735 2966 1961 3044 specie,
1984 2985 2099 3044 pro
2113 2984 2241 3038 ‘sua
2263 2962 2499 3039 magni-

457 3066 695 3126 tudine.
777 3064 1086 3142 Namque,
1127 3064 1234 3142 Q
1267 3061 1479 3141 paucis
1518 3082 1733 3122 verum
1779 3060 2121 3137 absolvam,
2162 3066 2309 3139 post
2357 3057 2495 3120 Sul·

359 3165 428 3214 30
456 3159 554 3224 lae
596 3168 882 3243 tempora
909 3160 1282 3240 quicumque
1322 3179 1454 3219 rem
1494 3159 1807 3238 publicam
1834 3159 2179 3238 agitavere,
2210 3156 2495 3216 honestis
2515 3223 2539 3239 „

458 3261 829 3336 nominibus,
869 3258 978 3318 alii
1027 3256 1214 3318 sicuti
1256 3255 1478 3336 populi
1520 3254 1659 3335 jura
1702 3256 2130 3330 defenderent,
2176 3273 2321 3333 pars
2362 3261 2541 3333 mm..)

458 3365 714 3418 senatus
762 3355 1108 3422 auctoritas
1148 3353 1420 3415 maxima
1459 3352 1645 3428 foret,
1685 3352 1914 3414 bonum
1953 3350 2269 3431 publicum
2312 3350 2500 3410 simu·
2528 3359 2556 3432 ζ

456 3454 701 3530 lantes,¹
692 3473 827 3533 pro
875 3473 988 3512 sua
1035 3450 1297 3531 quisque
1345 3449 1633 3530 potentia
1680 3450 2054 3510 certabant·
2112 3468 2315 3527 neque
2370 3445 2495 3506 illis

455 3550 764 3612 modestia
803 3571 1006 3629 neque
1051 3550 1274 3610 modus
1323 3546 1747 3609 contentionis
1786 3553 1969 3622 erat3
2012 3544 2262 3624 utrique
2305 3542 2500 3604 victo-

363 3655 426 3706 8⁶
458 3648 614 3708 riam
640 3646 973 3708 crudeliter
998 3645 1393 3708 exercebant.

580 3744 888 3806 XXXIX.
935 3741 1060 3821 Sed
1097 3748 1431 3820 postquam
1460 3740 1571 3802 On.
1603 3738 1941 3819 Pompeius
1988 3741 2069 3800 ad
2109 3688 2345 3799 bellum
2371 3757 2501 3798 ma·

459 3840 732 3902 ritimnm
777 3847 968 3918 atque
1015 3835 1521 3900 Mithridaticum
1559 3836 1785 3898 missus
1832 3841 1950 3912 est,
1979 3835 2181 3914 plebis
2208 3856 2373 3916 opes
2388 3834 2501 3896 im-
