2775 4192
771 223 864 277 DE
903 222 1268 276 CATILINAE
1309 221 1835 274 consumam
2342 225 2423 290 2⁹

275 383 702 468 designatum,
725 405 928 466 genus
969 405 1212 466 poenes
1253 405 1487 446 novum
1524 383 1881 448 decernere.
1960 383 2065 448 De
2098 381 2325 450 timore

277 503 808 564 supervacaneum
848 489 950 545 est
992 481 1321 561 disserere,
1347 502 1539 562 quum
1581 481 1969 562 praesertim,
1996 481 2325 564 diligentia

278 579 605 640 clarissimi
629 580 750 642 viri
789 577 1078 657 consulis,
1103 585 1289 639 tanta
1314 580 1631 658 praesidia
1668 579 1803 640 sint
1841 577 1907 640 in
1930 577 2142 642 armis.
2224 577 2325 640 De

276 695 483 756 poena
506 695 765 757 possum
785 676 1075 756 equidem
1095 675 1449 738 dicere—id
1467 676 1639 756 quod
1662 695 1763 737 res
1786 675 2325 750 habet—injuctu

276 780 470 854 atque
491 774 758 835 miseriis
781 781 1048 834 mortem
1064 793 1499 836 aerumnarum
1518 772 1815 854 requiem,
1834 793 1959 834 non
1978 774 2326 835 emaciatum
2390 789 2423 838 ὅ

277 890 454 950 esse3
495 889 636 934 eam
663 881 888 934 cuneta
915 869 1272 932 mortalium
1310 871 1479 932 mals
1512 869 1887 949 dissolvere3
1927 871 2096 932 ultra
2120 890 2325 951 neque

275 988 462 1052 curae
489 955 694 1049 neque
719 967 957 1049 gaudio
978 967 1186 1030 loeum
1213 989 1369 1032 esse.
1438 965 1588 1046 Sed,
1610 987 1723 1048 per
1740 969 1896 1030 deos
1918 967 2323 1044 immortales,

275 1084 464 1145 quam
490 1061 582 1126 ob'
597 1085 730 1128 rem
769 1067 838 1125 in
873 1067 1193 1126 sententis
1214 1085 1346 1128 non
1367 1065 1691 1140 addidisti,
1716 1066 1815 1126 uti
1856 1063 2029 1146 prius
2056 1061 2325 1126 verberi·

274 1163 394 1222 bus
439 1161 507 1222 in
549 1181 657 1224 eos
685 1160 1282 1224 animadverteretur
1297 1163 1330 1225 l’
1486 1169 1495 1176 ’
1587 1164 1690 1223 uia
1714 1161 1822 1222 lex
1848 1161 2069 1224 Porcia
2098 1167 2275 1223 vetet
2288 1161 2325 1224 2

275 1259 371 1320 At
400 1259 559 1328 aliae
585 1259 762 1340 leges
778 1257 934 1320 item
957 1259 1392 1322 condemnatis
1418 1259 1543 1322 civi
1588 1277 1661 1321 us
1688 1279 1815 1320 non
1838 1261 2115 1326 animam
2140 1257 2319 1338 eripi,
2360 1279 2413 1330 ι(

275 1357 390 1418 sed
415 1355 703 1417 exsilium
727 1356 1012 1436 permitti
1047 1356 1291 1438 jubent.
1373 1355 1485 1420 An
1509 1357 1659 1437 quia
1694 1355 1953 1437 gnavius
1988 1361 2091 1418 est
2114 1355 2327 1420 verbe-

273 1455 400 1516 rari
425 1474 612 1535 quam
651 1453 862 1516 necari
877 1455 910 1516 1>
987 1452 1160 1526 Quid
1197 1461 1411 1518 autem
1444 1454 1737 1516 acerbum
1776 1459 1893 1515 aut
1918 1453 2104 1514 nimis
2130 1473 2325 1534 grave

275 1561 378 1615 est
403 1553 468 1612 in
493 1551 774 1614 homines
813 1551 984 1614 tanti
1008 1551 1306 1618 facinoris
1344 1551 1665 1614 convictos
1682 1553 1713 1614 ἲ
1792 1551 1908 1614 Sin
1950 1555 2096 1632 quia
2122 1550 2325 1616 levius

277 1656 398 1728 est,
441 1649 561 1729 qui„
587 1649 878 1728 convenit
917 1648 988 1710 in
1028 1649 1264 1710 minore
1305 1648 1571 1732 negotio
1612 1649 1817 1732 legem
1856 1648 2097 1729 timere,
2130 1669 2324 1731 quum

278 1767 420 1810 eam
446 1745 514 1806 in
544 1744 780 1826 maiore
806 1743 1162 1827 neglexeris
1177 1749 1212 1812 1²
1295 1807 1302 1810 .
2360 1761 2423 1810 13

386 1843 482 1904 At
509 1845 677 1906 enim
703 1842 844 1924 quis
887 1843 1326 1924 reprehendet,
1351 1846 1523 1926 quod
1561 1845 1629 1906 in
1655 1843 1993 1924 parricidas
2035 1846 2127 1907 rei
2164 1845 2323 1926 pub-

276 1940 437 2003 licae
477 1942 800 2002 decretum
841 1941 965 2002 erit
982 1942 1013 2003 ?
1091 1942 1384 2023 Tempus,
1412 1943 1569 2020 dies,
1608 1943 1879 2021 fortuna,
1906 1943 2086 2023 eujus
2128 1941 2325 2004 libido

275 2040 576 2120 gentibus
601 2041 978 2104 moderatur.
1061 2038 1198 2100 Illis
1234 2041 1461 2102 merito
1486 2038 1750 2117 accidet,
1778 2039 2077 2120 quiequid
2103 2059 2323 2102 evene·

275 2139 396 2214 rit3
439 2143 718 2199 ceterum
744 2157 876 2216 vos,
905 2145 1120 2219 patres
1161 2129 1527 2220 conscripti,
1554 2139 1707 2222 quid
1742 2137 1815 2202 in
1844 2138 1999 2202 alios
2020 2141 2323 2202 statuatis

278 2239 684 2301 considerate.
785 2237 1012 2300 Omnia
1055 2241 1222 2302 mala
1265 2239 1556 2321 exempla
1602 2261 1685 2302 ex
1728 2240 1917 2302 rebus
1962 2241 2145 2304 bonis
2184 2247 2323 2301 orta
2357 2253 2424 2300 2⁰

278 2349 464 2420 sunt3
507 2341 620 2402 sed
661 2338 771 2401 ubi
809 2339 1136 2420 imperium
1161 2339 1244 2400 ad
1283 2342 1538 2421 ignaros
1565 2347 1677 2400 aut
1716 2339 1923 2400 minus
1961 2339 2161 2400 bonos
2185 2359 2325 2419 per·

278 2439 475 2518 venit,
501 2459 733 2500 novum
771 2437 927 2500 illud
967 2439 1320 2520 exemplum
1361 2442 1444 2501 ab
1482 2440 1695 2521 dignis
1731 2446 1802 2500 et
1840 2438 2085 2501 idoneis
2110 2439 2193 2499 ad
2230 2437 2327 2498 in-

278 2539 506 2619 dignos
533 2544 598 2599 et
625 2557 751 2600 non
775 2537 1037 2600 idoneos
1077 2538 1470 2600 transfertur.
1549 2537 2033 2600 Lacedaemonii
2058 2535 2325 2598 devictis

279 2634 776 2697 Atheniensibus
815 2627 1083 2716 triginta
1110 2637 1274 2698 viros
1307 2637 1678 2717 imposuere,
1704 2635 1815 2716 qui
1854 2655 1989 2697 rem
2014 2633 2323 2715 publicam

279 2755 491 2795 eorum
523 2739 884 2803 tractarent.
969 2734 1050 2794 Ei
1085 2735 1286 2814 primo
1329 2753 1593 2814 coepere
1635 2733 1973 2814 pessimum
2013 2751 2330 2814 quemque
2354 2745 2425 2794 εδ

277 2838 348 2894 et
364 2830 658 2906 ‚omnibus
682 2831 950 2894 invisum
968 2831 1394 2894 indemnatum
1418 2851 1641 2894 necare
1664 2851 1685 2909 ς
1710 2853 1789 2894 ea
1818 2831 2087 2911 populus
2099 2829 2326 2892 laetari
2307 2839 2365 2944 j
2390 2819 2426 2908 ,⁶

279 2938 348 2990 et
388 2930 614 2992 merito
657 2928 864 2990 dicere
905 2928 1068 3002 fieri:
1110 2937 1274 3008 post,
1312 2928 1425 2990 ubi
1464 2928 1769 3009 paulatim
1809 2927 2066 2989 lieentia
2110 2926 2330 3005 erevit,

239 3049 248 3058 ·
276 3027 460 3107 juxta
502 3017 702 3088 bonos
747 3022 814 3086 et'
851 3025 1054 3087 malos
1095 3026 1429 3089 libidinose
1472 3027 1839 3102 interficere,
1865 3030 2108 3087 eeteros
2150 3033 2327 3086 metu

277 3131 531 3187 terrere.
615 3123 720 3185 Ita
764 3123 1010 3202 civitas,
1053 3123 1358 3187 servitute
1398 3145 1722 3206 oppressa,
1764 3123 1995 3184 stultae
2036 3121 2327 3183 laetitiae

277 3242 502 3300 graves
527 3211 766 3302 poenas
806 3222 1012 3283 dedit:
1079 3221 1314 3283 Nostra
1351 3222 1651 3282 memoria
1678 3221 1879 3283 vietor
1916 3217 2119 3302 ‘Si-illa,
2136 3215 2325 3298 quum
2356 3227 2427 3276 80

279 3319 725 3400 Damasippum
783 3324 850 3378 et
887 3311 1060 3394 'sli'os
1111 3318 1491 3400 ejusmodi,
1534 3317 1647 3398 qui
1694 3317 1857 3378 malo
1902 3317 1991 3378 rei
2038 3306 2327 3397 'piiblioae

277 3423 623 3493 creverant,
651 3414 930 3497 jugulari
961 3416 1172 3497 jussit,
1187 3407 1340 3496 quis
1380 3436 1511 3476 non
1537 3411 1771 3496 factum
1812 3415 1951 3496 ejus
1975 3413 2279 3475 laudabat
2294 3411 2327 3474 “P

278 3511 586 3575 Homines
614 3513 915 3584 scelestos
941 3519 1010 3573 et
1037 3507 1356 3590 factiosos,
1379 3513 1493 3592 qui
1514 3511 1943 3573 'seditionibus
1970 3531 2099 3576 rem
2128 3509 2328 3591 publi·

278 3629 412 3670 eam
455 3611 955 3690 exagitaverant,
997 3607 1240 3672 'merito
1262 3615 1535 3684 ‚necatos
1581 3608 1853 3671 aiebant.
1939 3607 2066 3668 Sed
2108 3627 2186 3668 ea
2224 3625 2327 3667 res

276 3714 548 3788 magnae
572 3707 825 3768 initium
853 3705 1045 3769 eladis
1083 3703 1230 3767 fuit:
1311 3705 1475 3767 Nam
1504 3705 1601 3766 uti
1638 3706 1899 3785 quisque
1934 3705 2188 3766 domum
2215 3709 2329 3761 aut
2358 3715 2423 3763 86

277 3802 510 3882 villam,
535 3811 861 3883 postremo
884 3807 994 3864 vas
1011 3793 1146 3862 ‘aut
1169 3797 1619 3864 vestimentum
1658 3795 1923 3880 alieuius
1958 3798 2329 3875 concupive-

279 3906 402 3978 rat,
441 3899 638 3962 dabat
678 3917 956 3978 operam,
989 3904 1064 3958 ut
1105 3896 1162 3956 is
1203 3895 1269 3956 in
1310 3889 1796 3974 proscriptorum
1836 3912 2097 3956 numero
2116 3911 2119 3914 ’
2135 3897 2325 3952 esset.
