2775 4192
831 183 922 237 DE
963 183 1330 236 caraman
1375 181 1905 236 consummomz.
2343 181 2423 244 19

285 371 416 414 sam
445 369 567 430 pro
592 367 732 410 mea
755 349 1212 410 consuetudine
1251 347 1501 426 suscepi
1524 365 1543 422 3
1582 365 1709 406 non
1748 344 1895 425 quia
1922 365 2029 406 aes
2054 344 2323 406 alienum

283 447 444 508 meis
495 443 850 506 nominibus
903 465 986 505 ex
1031 443 1535 525 possessionibus
1588 441 1827 504 solvere
1874 462 1997 502 non
2052 461 2322 522 possem,

285 565 480 623 quum
507 541 744 605 scilicet
781 539 904 613 alie·
908 540 1006 602 nis
1047 539 1399 618 nominibus
1437 539 1783 602 liberalitas
1820 537 2155 602 Orestillae
2188 539 2323 601 suis

285 642 574 721 filiaeque
615 639 810 720 copiis
839 639 1246 718 persolveret,
1275 638 1391 698 sed
1416 637 1587 717 quod
1624 657 1751 698 non
1776 637 2001 717 dignos
2042 635 2325 698 homines

283 739 522 820 honore
551 739 918 806 honestatos
945 721 1251 811 videbam,
1277 755 1503 814 meque
1529 733 1687 794 falsa
1714 733 2065 814 suspicione
2092 733 2323 794 aliena·
2391 743 2422 790 ὅ

283 841 420 898 tum'
449 857 588 898 esse
629 835 994 896 sentiebam.
1076 833 1220 894 Hoc
1259 832 1509 892 nomine
1536 832 1691 892 satis
1716 830 2015 910 honestas
2038 850 2155 911 pro
2180 851 2323 894 meo

283 955 436 995 casu
489 953 638 1014 spes
683 932 960 1011 reliquae
999 928 1334 1011 dignitatis
1371 929 1832 992 conservandae
1872 949 2009 1006 sum
2048 937 2317 990 secutus.

281 1030 473 1092 Plura
493 1049 686 1109 quum
701 1028 980 1102 'scribere
1001 1025 1243 1103 vellem,
1265 1027 1625 1086 nuntiatum
1650 1032 1753 1090 est
1773 1024 1899 1084 vim
1926 1023 2075 1084 mibi
2095 1026 2319 1105 parari.

283 1129 349 1190 N
349 1149 476 1188 unc
501 1126 862 1190 Orestillam
901 1126 1269 1188 commendo
1307 1131 1581 1203 tuaeque
1620 1121 1767 1184 fidei
1804 1123 1987 1184 trado
2016 1141 2032 1184 ε
2074 1143 2215 1184 eam
2240 1123 2323 1184 ab

283 1225 516 1307 injuria
543 1225 867 1301 defendas,
894 1243 1006 1304 per
1031 1221 1258 1284 liberos
1285 1229 1431 1283 tuos
1458 1226 1737 1302 rogatus.
1818 1219 2138 1282 Haveto.”
2354 1237 2421 1288 ιο

404 1321 712 1385 XXXVI.
755 1320 882 1384 Sed
919 1320 1077 1401 ipse,
1119 1339 1356 1400 paucos
1396 1320 1535 1381 dies
1581 1323 1995 1388 commoratus
2035 1319 2207 1398 apud
2246 1317 2317 1382 G.

283 1419 661 1482 Flaminium
699 1420 770 1479 in
817 1437 972 1498 agro
1009 1417 1326 1495 Arretino,
1355 1417 1505 1500 dum
1540 1412 1931 1476 vicinitatem
1972 1422 2163 1477 antea
2200 1416 2323 1478 sol·

282 1519 592 1580 licitatam
639 1516 827 1578 armis
873 1523 1156 1592 exornat,
1185 1537 1328 1576 cum
1376 1514 1649 1578 fascibus
1674 1521 1865 1594 atque
1892 1513 2035 1574 aliis
2074 1513 2319 1592 imperii

282 1614 637 1696 insignibus
662 1616 728 1674 in
755 1622 958 1675 castra
985 1615 1066 1674 ad
1095 1613 1399 1674 Manlium
1426 1611 1773 1674 contendit.
1857 1611 2039 1672 Haeo
2066 1610 2173 1672 ubi
2198 1611 2323 1674 Ro-

284 1733 424 1774 mae
450 1695 768 1791 comperta
793 1718 960 1788 sunt,
989 1718 1246 1772 senatus
1286 1709 1625 1772 Catilinam
1666 1716 1733 1770 et
1774 1709 2077 1770 Manlium
2103 1708 2319 1773 hostes
2354 1717 2417 1768 15

281 1810 524 1892 judicat
551 1829 570 1886 3
609 1809 856 1886 ceterae
883 1808 1273 1869 multitudini
1312 1807 1479 1870 diem
1518 1807 1765 1886 statuit,
1790 1815 1939 1869 ante
1966 1828 2155 1888 quam
2180 1809 2319 1871 aine

282 1895 500 1970 fraude
526 1907 745 1967 liceret
771 1907 850 1967 ab
879 1908 1067 1968 armis
1093 1906 1437 1983 discedere,
1458 1913 1713 1985 praeter
1730 1925 1935 1973 rerum
1958 1905 2319 1989 capitalium

283 2004 728 2066 condemnatis.
833 2003 1176 2072 Praeterea.
1216 2005 1497 2066 decernit
1546 1999 1647 2064 uti'
1684 2004 1967 2066 consules
2019 2003 2319 2066 dilectum

283 2100 576 2177 habeant,
604 2099 925 2170 Antonius
951 2121 1092 2161 cum
1117 2101 1399 2162 exercitu
1426 2100 1756 2162 Catilinam
1802 2102 2094 2181 persequi
2118 2111 2320 2162 matu-

261 2193 399 2274 ret,
430 2198 646 2258 Cicero
671 2198 810 2261 urbi
833 2197 1148 2278 praesidio
1173 2197 1275 2261 sit.
1556 2213 1567 2224 ⁴
2227 2197 2332 2254 ἐκ
2350 2209 2417 2259 20

403 2293 500 2355 Ea
546 2302 924 2376 tempestate
973 2295 1124 2356 mihi
1165 2295 1489 2376 imperium
1543 2295 1762 2377 populi
1807 2297 2073 2358 Romani
2120 2296 2319 2358 multo

281 2394 552 2454 maxime
589 2392 938 2454 miserabile
977 2393 1178 2454 visum
1219 2402 1354 2472 θεῖς
1408 2393 1513 2454 cui
1552 2415 1743 2474 quum
1784 2395 1867 2455 ad
1908 2415 2194 2456 occasum
2237 2395 2317 2456 ab

282 2498 424 2550 ortu
451 2489 600 2550 solis
627 2491 836 2552 omnia
861 2492 1100 2552 domita
1125 2493 1314 2550 armis
1339 2501 1651 2570 parerent,
1680 2491 1852 2552 domi
1893 2492 2090 2552 otium
2127 2499 2319 2572 atque

281 2585 559 2664 divitiae,
609 2609 771 2667 quae
815 2590 1016 2668 prima
1070 2588 1366 2650 mortales
1422 2597 1670 2669 putant,
1727 2590 2092 2667 adfluerent,
2138 2591 2319 2652 fuere

282 2691 490 2744 tamen
517 2685 705 2762 cives,
735 2685 844 2766 qui
871 2705 1064 2765 seque
1091 2705 1346 2766 remque
1387 2686 1700 2766 publicam
1733 2687 2067 2750 obstinatis
2094 2688 2316 2750 animis
2349 2701 2413 2750 π

175 2837 182 2842 ,
281 2782 596 2860 perditum
623 2782 804 2866 irent.
886 2783 1176 2862 Namque
1203 2783 1445 2845 duobus
1474 2786 1677 2846 senati
1706 2785 1975 2846 decretis
2016 2807 2094 2847 ex
2136 2793 2318 2846 tanta

283 2879 678 2964 multitudine
706 2899 904 2960 neque
945 2881 1226 2960 praemio
1267 2880 1563 2942 inductus
1602 2877 2099 2962 conjurationem
2140 2889 2319 2962 pate-

279 2975 520 3037 fecerat
546 2997 750 3056 neque
789 2998 866 3038 ex
908 2979 1130 3040 castris
1171 2977 1479 3041 Catilinae
1508 2981 1838 3060 quisquam
1878 2979 2153 3040 omnium
2192 2979 2317 3040 dis-

278 3082 585 3135 cesserat:
625 3082 806 3135 tante
846 3077 945 3152 vis
985 3076 1188 3138 morbi
1235 3083 1390 3154 erat,
1422 3097 1583 3156 quae
1623 3076 1720 3138 uti
1760 3076 1943 3138 tabes
1987 3076 2315 3157 plerosque

279 3169 504 3231 civium
531 3173 770 3231 animos
797 3172 1126 3236 invaserat.
2106 3197 2109 3202 ·
2347 3183 2411 3232 80

395 3268 738 3328 XXXVII.
784 3270 1006 3350 Neque
1033 3272 1235 3332 solum
1263 3269 1388 3332 illis
1424 3270 1627 3332 aliena
1654 3291 1829 3332 mens
1856 3277 2009 3349 erat,
2038 3271 2147 3352 qui
2172 3292 2315 3332 con·

278 3365 390 3426 scii
415 3365 866 3446 conjurationis
895 3370 1166 3445 fuerant,
1197 3371 1309 3430 sed
1350 3368 1605 3430 omnino
1632 3375 1857 3431 cuncta
1884 3369 2100 3448 plebes
2128 3389 2315 3430 nova·

275 3481 412 3520 rum
459 3480 662 3522 rerum
713 3463 924 3524 studio
969 3463 1280 3526 Catilinae
1327 3466 1579 3544 incepta
1624 3464 1952 3544 probabat.
2040 3465 2115 3525 Id
2156 3466 2317 3526 adeo

277 3575 444 3618 more
471 3578 586 3618 suo
611 3559 944 3621 videbatur
969 3561 1195 3622 facere.
1279 3561 1445 3622 Nam
1486 3581 1732 3642 semper
1768 3562 1835 3620 in
1876 3560 2155 3638 civitate,
2186 3561 2317 3640 qui·

277 3653 394 3714 bus
421 3675 576 3735 opes
600 3656 810 3718 nullae
839 3663 1006 3735 sunt,
1026 3657 1207 3718 bonis
1235 3657 1541 3734 invident,
1566 3658 1761 3719 malos
1790 3658 2122 3736 extollunt,
2145 3667 2315 3720 vete·
2346 3675 2411 3724 86

277 3753 571 3832 mode-re,
601 3770 764 3813 nova
791 3761 1117 3833 exoptant,
1147 3753 1292 3815 odio
1320 3775 1571 3815 suarum
1614 3775 1815 3816 rerum
1842 3755 2071 3816 mutari
2108 3757 2317 3818 omnia

279 3849 572 3926 student3
613 3841 801 3913 turba
826 3859 1018 3929 atque
1045 3850 1465 3911 seditionibus
1502 3853 1640 3911 sine
1680 3872 1826 3912 cura
1868 3849 2139 3927 aluntur,
2166 3871 2319 3930 quo·
