2775 4192
341 177 420 240 18
919 177 975 231 0.
1007 177 1359 230 SALLUSTH
1403 179 1621 240 cmsm
1664 179 1871 232 LIBER

434 359 604 401 more
634 341 936 422 majorum
975 340 1118 421 lege
1143 341 1246 402 uti
1283 361 1489 420 neque
1531 341 1757 403 amisso
1798 342 2175 420 patrimonio
2214 341 2477 405 liberum

434 457 658 518 corpus
684 438 945 500 habere:
987 445 1166 498 tanta
1185 438 1448 501 saevitia
1468 439 1931 500 faeneratorum
1952 446 2143 519 atque
2168 441 2477 519 praetoris

433 533 576 596 fuit.
661 533 864 613 Saepe
916 535 1180 614 majores
1227 543 1525 614 vestrum,
1574 534 1836 596 miseriti
1883 535 2086 615 plebis
2132 527 2499 615 Romanae.

434 631 701 692 decretis
729 632 857 690 suis
883 631 1130 711 inopiae
1159 632 1298 712 ejus
1337 631 1633 710 opitulati
1673 638 1841 707 sunt,
1872 652 1946 692 ac
1986 633 2321 696 novissime
2351 655 2475 696 me·-

367 741 400 788 δ
433 727 630 788 moria
657 736 872 788 nostra
899 734 1156 807 propter
1181 729 1685 808 magnitudinem
1712 730 1877 789 aeris
1903 729 2095 790 alieni
2124 730 2477 793 volentibus

433 825 718 886 omnibus
765 825 948 886 bonis
997 832 1328 906 argentum
1383 847 1527 887 aere
1574 825 1851 886 solutum
1900 834 2002 887 est
2026 846 2045 902 3
2101 848 2291 908 saepe
2335 828 2475 908 ipsa

429 922 665 1002 plebes,
695 929 805 982 aut
834 921 1194 983 dominandi
1231 921 1442 982 studio
1470 927 1756 1001 permota
1783 931 1894 983 aut
1920 925 2211 1004 superbia
2252 925 2477 1005 magis-

431 1005 728 1098 tratuum,
745 1027 982 1080 armata
1008 1041 1046 1078 a
1074 1018 1357 1098 patribus
1379 1020 1660 1082 secessit.
1728 1018 1825 1081 At
1852 1040 1969 1082 nos
1996 1042 2119 1082 non
2146 1023 2473 1102 imperium

431 1136 635 1195 neque
675 1116 925 1177 divitias
965 1117 1259 1195 petimus,
1299 1136 1563 1196 quarum
1602 1137 1809 1178 rerum
1850 1139 2037 1179 causa
2075 1119 2243 1181 bella
2281 1126 2473 1199 atque

336 1219 400 1268 10
431 1213 770 1274 certamina
797 1215 1004 1273 omnia
1031 1214 1201 1274 inter
1226 1214 1523 1274 mortales
1550 1221 1719 1290 sunt,
1746 1216 1859 1276 sed
1885 1215 2263 1294 libertatem,
2286 1237 2473 1298 quam

429 1330 612 1370 nemo
639 1311 840 1371 bonus
867 1309 990 1371 nisi
1017 1331 1159 1371 cum
1181 1308 1388 1370 anima
1414 1309 1601 1371 simul
1622 1312 1877 1375 amittit.
1961 1312 2055 1375 Te
2084 1321 2271 1394 atque
2298 1335 2472 1376 sena·

428 1414 566 1468 tum
593 1408 999 1484 obtestamur,
1030 1407 1375 1468 consulatis
1416 1407 1657 1469 miseris
1696 1410 1957 1485 civibus,
1983 1409 2147 1490 legis
2176 1411 2473 1490 praesidi·

427 1525 552 1582 um,
581 1506 746 1584 quod
775 1504 1072 1583 iniquitas
1100 1506 1407 1583 praetoris
1434 1504 1685 1585 eripuit,
1715 1507 2085 1584 restituatis,
2107 1528 2265 1568 neve
2293 1510 2473 1570 nobis

427 1621 568 1663 eam
589 1601 1108 1663 necessitudinem
1136 1601 1497 1681 imponatis,
1518 1609 1593 1662 ut
1616 1622 1978 1682 quaeramus
1998 1625 2269 1684 quonam
2288 1606 2473 1668 modo

332 1711 394 1772 15
427 1698 696 1760 maxime
724 1698 840 1758 ulti
871 1700 1234 1778 sanguinem
1265 1707 1543 1760 nostrum
1572 1699 1959 1778 pereamus„

547 1795 855 1856 XXXIV.
899 1794 1007 1857 Ad
1047 1797 1202 1856 haec
1242 1794 1319 1870 Q.
1352 1796 1620 1857 Marcius
1664 1799 2042 1876 respondet:
2088 1799 2157 1860 Si
2196 1799 2346 1880 quid
2386 1801 2473 1861 ab

428 1901 654 1955 senatu
684 1903 898 1972 petere
928 1892 1142 1970 velint,
1166 1893 1246 1954 ab
1275 1893 1465 1954 armis
1494 1893 1837 1971 discedant,
1868 1894 2131 1956 Romam
2158 1892 2497 1976 supplices‘

387 2052 392 2056 .
427 1991 924 2070 proficiscantur3
966 2011 1042 2052 ea
1081 1990 1561 2052 mansuetudine
1606 1999 1793 2070 atque
1834 1992 2257 2054 misericordia
2296 2014 2469 2055 sena·

428 2098 564 2150 tum
592 2088 812 2168 populi
837 2088 1100 2152 Romani
1129 2109 1374 2168 semper
1411 2089 1627 2167 fuisse,
1655 2097 1730 2150 ut
1756 2111 1943 2151 nemo
1983 2111 2254 2170 unquam
2284 2092 2366 2153 ab
2392 2112 2470 2153 eo

330 2203 396 2251 20
428 2187 659 2246 frustra
686 2185 988 2245 auxilium
1016 2185 1336 2264 petiverit.

547 2281 641 2343 At
669 2282 946 2344 Catilina
971 2303 1051 2343 ex
1079 2283 1299 2344 itinere
1329 2281 1643 2361 plerisque
1670 2282 2115 2362 consularibus,
2144 2292 2469 2363 praeterea

427 2381 666 2460 optimo
693 2379 938 2459 cuique,
959 2378 1202 2440 litteras
1225 2380 1459 2442 mittit:
1504 2380 1606 2458 Se,
1627 2379 1801 2440 falsis
1830 2380 2189 2442 criminibus
2210 2383 2469 2442 circum-

427 2486 706 2555 ventum,
734 2476 1027 2556 quoniam
1055 2475 1317 2536 factioni
1357 2475 1741 2538 inimicorum
1774 2477 2067 2540 resistere
2095 2478 2465 2557 nequiverit,

425 2574 719 2636 fortunae
759 2576 1001 2651 cedere,
1031 2573 1367 2634 Massiliam
1409 2574 1475 2633 in
1518 2573 1805 2634 exsilium
1840 2574 2161 2653 proficisci,
2189 2595 2317 2635 non
2342 2595 2469 2654 quo

329 2682 392 2732 25
427 2672 548 2731 sibi
573 2671 740 2732 tanti
767 2671 1018 2733 sceleris
1045 2671 1332 2732 conscius
1359 2677 1547 2748 esset,
1578 2671 1690 2732 sed
1730 2672 1825 2731 uti
1854 2691 1953 2732 res
1980 2670 2227 2750 publica
2253 2671 2469 2750 quieta

427 2769 613 2846 foret,
643 2789 802 2830 neve
845 2789 924 2830 ex
963 2789 1074 2829 sua
1109 2767 1511 2830 contentione
1556 2767 1785 2828 seditio
1834 2767 2112 2829 oriretur.
2194 2765 2301 2828 Ab
2368 2767 2467 2828 his

427 2866 616 2946 longe
644 2866 916 2927 diversas
943 2865 1186 2926 litteras
1215 2865 1290 2939 Q.
1322 2864 1583 2927 Catulus
1624 2866 1689 2924 in
1730 2871 1952 2926 senatu
1977 2863 2281 2941 recitavit,
2310 2885 2469 2944 quas

429 2965 547 3026 sibi
573 2965 822 3025 nomine
851 2963 1160 3024 Catilinae
1187 2964 1467 3024 redditas
1497 2962 1767 3025 dicebat.
1850 2961 2079 3023 Earum
2112 2961 2467 3042 exemplum

427 3061 592 3122 infra
619 3060 916 3141 scriptum
943 3068 1078 3122 est:

329 3175 396 3224 80
548 3159 822 3221 XXXV.
869 3159 993 3220 “L.
1025 3157 1298 3220 Catilina
1324 3156 1401 3232 Q.
1434 3157 1679 3220 Catule.
1766 3157 2043 3240 Egregia
2069 3164 2181 3217 tua
2221 3157 2373 3217 fides
2400 3177 2469 3218 re

430 3255 702 3335 cognita,
725 3262 904 3334 grata
931 3255 1082 3342 mihi
1112 3255 1356 3334 magnis
1381 3253 1445 3315 in
1474 3254 1630 3316 meis
1660 3254 1968 3333 periculis,
1999 3254 2285 3314 fiduciam
2312 3274 2471 3316 com-

431 3353 810 3413 mendationi
852 3373 1027 3414 meae
1067 3353 1307 3413 tribuit.
1394 3351 1599 3425 Quam
1642 3353 1723 3412 ob
1763 3373 1895 3412 rem
1936 3350 2361 3412 defensionem
2403 3349 2467 3409 in

429 3469 594 3510 novo
637 3448 896 3510 consilio
943 3469 1064 3509 non
1111 3448 1309 3510 statui
1353 3469 1594 3528 parare,
1636 3449 2131 3510 satisfactionem
2176 3469 2255 3508 ex
2297 3446 2470 3506 nulla

430 3546 812 3658 consqientia
857 3547 936 3607 de
984 3546 1169 3626 culpa
1214 3564 1561 3626 proponere
1608 3548 1873 3640 decrevi,
1924 3567 2129 3626 quam,
2181 3542 2521 3628 Qus?

333 3657 396 3702 35
429 3625 644 3733 Qus
660 3664 869 3712 veram
890 3643 1040 3729 licet
1067 3664 1426 3724 cognoscas
1510 3633 1764 3725 Injuriis
1792 3641 2301 3722 contumeliisque
2326 3641 2469 3702 con·

433 3739 686 3816 citatus,
711 3741 880 3818 quod
923 3741 1130 3800 fructu
1175 3734 1409 3800 laboris
1452 3739 1941 3818 industriaeque
1966 3759 2144 3800 meae
2188 3739 2469 3818 privatus

434 3842 670 3896 statum
699 3833 1029 3915 dignitatis
1053 3855 1180 3896 non
1200 3819 1585 3926 obtinebat-n}
1602 3833 1915 3913 publicam
1938 3836 2299 3896 miserorum
2328 3855 2467 3896 cau-
