2775 4192
347 205 426 267 30
985 203 1040 256 c.
1074 203 1418 256 mmsm
1462 203 1677 258 cmsm
1718 205 1921 258 ussa

439 367 544 429 Ita
569 366 678 445 illi,
706 368 932 447 quibus
957 366 1328 448 Damasippi
1353 388 1521 428 mors
1555 367 1838 431 laetitiae
1854 370 1897 456 ιι’
1894 377 2087 447 uerat,
2114 371 2305 452 paulo
2332 379 2477 454 post

439 465 567 545 ipsi
606 465 1061 541 trahebantur3
1111 484 1317 545 neque
1354 465 1533 543 prius
1574 464 1713 525 finis
1753 466 2084 546 jugulandi
2123 467 2249 528 fuit
2288 489 2475 549 quam

441 561 614 623 Sulla
641 577 856 622 omnes
883 552 1030 623 suos
1056 560 1292 622 divitiis
1318 561 1615 641 explevit.
1685 561 1903 642 Atque
1924 584 2049 643 ego
2074 564 2227 624 haec
2252 586 2379 626 non
2406 568 2475 627 in

438 659 524 721 Μ.
569 659 782 721 Tullio
827 679 1032 739 neque
1079 659 1176 720 his
1221 659 1615 738 temporibus
1661 679 1920 735 vereor3
1976 661 2089 722 sed
2135 663 2198 722 in
2246 683 2477 746 magna

374 771 405 818 ὅ
438 755 694 818 civitate
721 757 920 817 multa
947 763 1016 818 et
1040 755 1216 816 varia
1239 755 1499 836 ingenia
1523 761 1691 817 sunt.
1775 754 1997 817 Potest
2024 757 2147 818 alio
2172 767 2474 839 tempore,

437 852 566 915 alio
593 854 870 932 consule,
897 853 998 914 cui
1023 853 1176 913 item
1203 852 1515 915 exercitus
1542 854 1605 914 in
1633 870 1825 914 manu
1850 853 1954 932 s—it,
1981 855 2214 916 falsum
2242 857 2476 938 aliquid

435 971 551 1030 pro
574 971 726 1014 vero
752 953 956 1014 credi:
998 950 1108 1011 ubi
1134 951 1254 1012 hoc
1281 950 1566 1029 exemplo
1603 971 1718 1030 per
1756 954 1963 1014 senati
1990 954 2305 1014 decretum
2334 974 2476 1017 con-

439 1048 536 1109 sul
591 1047 867 1128 gladium
921 1049 1232 1128 eduxerit,
1279 1050 1421 1128 quis
1474 1048 1571 1109 illi
1626 1049 1811 1110 finem
1862 1057 2125 1128 statuet,
2174 1057 2287 1111 aut
2334 1053 2478 1132 quis

361 1185 400 1242 χ,
437 1145 910 1208 moderabitur?

343 1245 412 1307 ω’
559 1242 832 1323 Majores
857 1245 1079 1323 nostri,
1104 1250 1318 1324 patres
1359 1243 1714 1326 conscripti,
1743 1265 1946 1325 neque
1986 1245 2235 1308 consilii
2274 1267 2476 1327 neque

437 1338 736 1401 audaciae
782 1360 1056 1420 unquam
1103 1360 1354 1420 eguere,
1401 1361 1605 1421 neque
1654 1340 1779 1414 illis,
1824 1344 2115 1423 superbia
2160 1345 2475 1420 obstabat,

437 1458 562 1517 quo
587 1437 793 1498 minus
819 1438 1020 1499 aliena
1048 1438 1363 1515 instituta,
1394 1438 1452 1500 si
1490 1438 1673 1500 modo
1699 1441 1897 1519 proba
1935 1449 2133 1519 erant,
2162 1443 2476 1502 imitaren-

437 1523 556 1596 tur.
589 1602 598 1609 ,
638 1535 833 1628 Arma
875 1542 1066 1616 atque
1113 1535 1244 1595 tela
1292 1536 1589 1596 militaria
1630 1537 1710 1597 ab
1758 1531 2161 1616 Samnitibus,
2204 1539 2477 1616 insignia

438 1633 916 1712 magistratuum
956 1633 1039 1693 ab
1078 1631 1300 1693 Tuscis
1339 1632 1637 1713 pleraque
1678 1641 2102 1714 sumpserunt3
2158 1642 2478 1715 postremo

341 1738 404 1789 15
436 1730 605 1810 quod
646 1727 876 1809 ubique
919 1729 1092 1809 apud
1134 1728 1338 1801 socios
1379 1733 1491 1790 au‘t
1538 1731 1754 1792 hostes
1796 1732 2086 1793 idoneum
2130 1727 2475 1810 videbatur,

437 1848 576 1889 cum
604 1847 844 1888 summo
869 1827 1082 1888 studio
1121 1828 1290 1888 domi
1329 1829 1865 1918 exsequebantur:
1905 1830 2138 1890 imitari
2178 1849 2360 1909 quam
2388 1829 2479 1890 in·

437 1925 650 1986 videre
678 1924 860 1985 bonis
888 1924 1221 1988 malebant.
1305 1924 1435 1986 Sed
1475 1926 1693 1986 eodem
1723 1925 1833 1986 illo
1859 1932 2143 2006 tempore
2172 1926 2475 1988 Graeciae

440 2040 670 2083 morem
722 2021 956 2082 imitati
1002 2022 1366 2086 verberibus
1412 2022 1992 2084 animadvertebant
2044 2023 2108 2084 in
2164 2026 2351 2104 cives,
2398 2026 2477 2086 de

379 2181 392 2193 ,
437 2118 871 2181 condemnatis
918 2107 1224 2181 summum
1279 2119 1654 2200 supplicium
1708 2120 2055 2184 sumebant.
2138 2121 2481 2202 Postquam

339 2231 406 2279 80
436 2239 538 2280 res
564 2217 814 2298 publica
853 2216 1132 2280 adolevit
1172 2225 1240 2279 et
1265 2217 1667 2279 multitudine
1704 2218 1927 2278 civium
1968 2218 2278 2280 factiones
2304 2218 2478 2280 valu-

439 2335 562 2393 ere,
603 2314 1031 2402 circnmveqigi
1067 2315 1455 2391 innocenteS,
1498 2301 1619 2374 alia
1659 2313 1919 2396 hujusce
1956 2316 2129 2376 modi
2165 2316 2299 2377 fieri
2341 2335 2479 2376 coe-

437 2433 623 2494 pere3
667 2421 797 2474 tum
825 2413 931 2474 lex
970 2412 1190 2474 Porcia
1229 2411 1511 2492 aliaeque
1551 2409 1726 2492 leges
1756 2419 2026 2492 paratae
2063 2418 2227 2489 sunt,
2257 2411 2481 2491 quibus

439 2508 683 2591 legibus
710 2510 996 2572 exsilium
1025 2507 1338 2571 damnatis
1377 2509 1750 2588 permissum
1778 2515 1897 2571 est.
1982 2509 2165 2569 Hanc
2192 2530 2313 2589 ego
2340 2529 2480 2570 cau-

439 2629 590 2686 sam,
618 2615 828 2723 patres
855 2606 1211 2688 conscripti,
1239 2625 1365 2688 quo
1405 2605 1609 2668 minus
1644 2627 1873 2666 novum
1915 2605 2238 2667 consilium
2280 2605 2481 2718 capia-

341 2723 406 2771 85
439 2728 596 2784 mus,
623 2706 690 2767 in
717 2705 935 2787 primis
961 2724 1256 2785 magnam
1282 2711 1459 2783 puto.
1543 2703 1839 2765 Profecto
1864 2704 2063 2764 virtus
2103 2710 2292 2782 atque
2320 2704 2481 2783 sapi-

441 2804 612 2865 entia
667 2804 864 2884 major
909 2803 976 2863 in
1030 2803 1158 2862 illis
1212 2802 1353 2894 suit,
1398 2799 1504 2880 qui
1542 2821 1637 2866 ex
1691 2798 1899 2911 parvis
1955 2784 2180 2878 opibus
2234 2806 2481 2860 tantum

439 2899 768 2981 imperium
816 2902 1039 2977 fecere,
1087 2919 1274 2979 quam
1320 2899 1388 2957 in
1436 2896 1637 2974 nobis,
1678 2897 1789 2978 qui
1836 2892 1911 2958 ea
1950 2898 2112 2959 bene
2154 2893 2367 2982 parta'.
2372 2897 2481 2960 vix

437 2999 796 3060 retinemus.
867 3035 872 3042 ι

563 3094 778 3156 Placet
805 3095 1004 3174 igitur
1029 3114 1136 3154 eos
1163 3093 1399 3154 dimitti
1430 3101 1496 3154 et
1518 3091 1736 3174 augeri
1763 3095 2099 3154 exercitum
2130 3092 2483 3154 Catilinae?

343 3201 410 3250 80
441 3190 721 3255 Minime.
805 3191 932 3253 Sed
976 3191 1070 3252 ita
1117 3211 1379 3253 censeo:
1436 3190 1843 3271 publicandas
1891 3211 2103 3252 eorum
2146 3189 2483 3302 pecunia83

441 3288 610 3368 ipsos
629 3290 694 3351 in
718 3289 982 3352 vinculis
1008 3289 1328 3351 habendos
1353 3309 1469 3369 per
1495 3288 1857 3368 municipia,
1879 3309 2038 3372 quae
2068 3281 2333 3349 maxime
2350 3288 2483 3366 opi-

441 3386 560 3448 bus
581 3386 827 3467 valent3
868 3409 994 3448 neu
1019 3386 1158 3467 quis
1179 3389 1257 3448 de
1280 3389 1372 3448 eis
1393 3393 1624 3468 postea
1637 3389 1715 3446 ad
1742 3395 2031 3447 senatum
2053 3386 2301 3460 referat,
2325 3404 2483 3445 neve

444 3505 584 3546 cum
622 3486 860 3566 populo
898 3491 1089 3565 agat·
1072 3530 1091 3562 ,
1130 3484 1241 3563 qui
1279 3482 1465 3544 aliter
1503 3472 1746 3561 fecerit,
1795 3491 2085 3544 senatum
2128 3481 2485 3542 existimare

445 3601 592 3642 eum
618 3590 836 3642 contra
863 3601 994 3640 rem
1022 3580 1334 3660 publicam
1363 3587 1431 3638 et
1458 3579 1723 3640 salutem
1750 3582 2031 3642 omnium
2056 3578 2423 3639 facturum?

346 3690 412 3737 8⁸
565 3677 704 3738 LII.
745 3677 1089 3755 Postquam
1117 3676 1348 3736 Caesar
1385 3676 1635 3737 dicendi
1662 3676 1848 3737 finem
1873 3676 2045 3753 fecit,
2073 3676 2269 3736 ceteri
2293 3677 2485 3736 verbo

447 3771 608 3832 alius
635 3771 744 3832 alii
769 3771 940 3833 varie
965 3769 1484 3831 assentiebantur.
1570 3768 1665 3831 At
1704 3771 1788 3832 M.
1819 3761 2077 3832 Porcius
2104 3771 2284 3850 Cato,
2312 3792 2485 3852 roga-

447 3875 554 3929 tus
580 3867 980 3943 sententiam,
1007 3865 1264 3946 hujusce
1291 3863 1461 3926 modi
1486 3864 1831 3926 orationem
1859 3865 2113 3949 habuit.
