2775 4192
795 201 888 253 ΒΕ
929 198 1294 252 CATILINAE
1337 197 1865 252 consummem
2414 200 2455 260 5

311 366 640 449 magisque
682 367 747 426 in
791 365 1036 427 decoris
1077 365 1268 424 armis
1307 369 1378 425 et
1420 363 1795 424 militaribus
1840 363 2019 442 equis
2060 381 2247 443 quam
2288 361 2359 424 in

312 467 538 526 scortis
563 470 756 543 atquc
779 463 1084 524 conviviis
1110 459 1433 522 libidinem
1472 460 1807 522 habebant.
1888 459 2103 540 Igitur
2124 458 2359 520 talibus

313 563 470 622 viris
495 582 625 622 non
651 559 830 620 labor
849 557 1162 636 insolitae,
1187 578 1316 619 non
1339 557 1515 618 locus
1550 555 1718 618 ullus
1756 576 1939 636 asper
1976 563 2091 616 aut
2126 557 2361 618 arduus

311 665 470 736 erat,
495 678 624 738 non
665 655 942 717 armatus
985 655 1188 716 hostis
1223 652 1709 716 formidulosum
1754 653 1957 716 virtus
1998 655 2207 715 omnia
2248 653 2355 714 do·

311 759 575 815 muerat.
659 751 786 813 Sed
811 751 1048 831 gloriae
1075 750 1417 810 maximum
1440 756 1757 810 certamen
1796 747 1963 808 inter
1984 747 2157 829 ipsos
2182 757 2355 812 erat:
2420 761 2455 810 ⁸

307 947 442 1008 tale
483 947 724 1007 facinus
761 921 1022 1020 fa’oZRt,
1050 944 1474 1024 properabat3
1502 915 1623 1016 [ἕξ-ξ
1650 943 1921 1019 divitias,
1948 963 2087 1016 eam
2126 942 2357 1018 bonam

309 1044 541 1114 samam
587 1061 1006 1122 magnamque
1055 1039 1456 1102 nobilitatem
1499 1047 1659 1120 puta
1784 1045 1861 1116 t3
1915 1022 2124 1100 lavdi?
2160 1041 2265 1101 avi
2314 1041 2328 1056 ⁶

309 1119 612 1222 peiffidia‘e
651 1139 940 1200 liberales
993 1145 1208 1216 erant3
1261 1137 1525 1227 gloriam
1564 1041 1909 1220 inp-Redi,
1950 1138 2207 1198 divitias
2244 1042 2355 1200 ἃ
2366 1107 2401 1156 4
2428 1139 2439 1154 ¹

310 1245 528 1300 nestas
551 1237 868 1300 volebant.
950 1236 1296 1310 Memorare
1321 1211 1595 1316 pisse‘m‘ss
1619 1236 1849 1316 quibus
1874 1235 1941 1296 in
1966 1234 2123 1298 locis
2160 1235 2357 1346 maffi-
2390 1241 2456 1292 10

311 1356 446 1396 mas
471 1335 750 1396 hostium
779 1332 992 1413 copias
1017 1333 1294 1414 populns
1318 1333 1637 1394 Romanus
1662 1353 1859 1412 parva
1885 1351 2075 1394 manu
2100 1305 2357 1410 {uili-331&

311 1451 468 1512 quas
510 1432 698 1493 urbes
741 1437 967 1492 natura
1017 1431 1285 1491 munitas
1327 1431 1675 1510 pugnando
1720 1431 1982 1511 ceperit,
2024 1431 2093 1514 ni
2135 1451 2211 1492 ea
2256 1449 2359 1492 res

309 1529 561 1610 longius
585 1549 702 1590 nos
729 1529 814 1589 ab
837 1530 1090 1609 incepto
1117 1530 1413 1588 traheret.

431 1621 615 1690 Vm.
655 1625 782 1688 Sed
805 1627 1092 1706 profecto
1116 1626 1376 1687 fortuna
1416 1625 1485 1686 in
1528 1626 1695 1686 omni
1736 1647 1805 1688 re
1842 1627 2235 1690 dominatur:
2280 1647 2357 1688 ea

307 1747 410 1788 res
451 1729 713 1788 cunctas
759 1744 842 1784 ex
879 1722 1140 1786 libidine
1167 1724 1370 1803 magis
1408 1743 1597 1803 quam
1636 1743 1719 1784 ex
1744 1743 1893 1786 vero
1936 1724 2213 1786 celebrat
2252 1724 2359 1786 ob-
2392 1736 2453 1786 1⁶

310 1832 661 1902 seui-atque.
745 1820 1228 1882 Atheniensium
1273 1841 1380 1882 res
1417 1827 1661 1900 gestae,
1704 1821 1867 1881 sicut
1906 1841 2030 1902 ego
2068 1821 2355 1896 aestimo,

311 871 382 912 se
408 851 672 930 quisque
698 847 946 910 hostem
983 847 1190 923 ferire,
1220 865 1463 906 murum
1502 846 1861 958 ascepdere,
1890 844 2167 925 conspici
2206 845 2355 906 dum

309 1923 468 1982 satis
492 1919 736 2000 amplae
763 1919 1252 1999 magnificaeque
1272 1917 1473 1993 fuere,
1496 1938 1710 1980 verum
1738 1917 2061 1996 aliquanto
2088 1920 2372 1996 minom,

308 2027 520 2079 tamen
547 2037 730 2096 quam
771 2015 942 2076 fama
969 2016 1274 2078 feruntur.
1363 2015 1487 2075 Sed
1514 2013 1662 2094 quia
1689 2035 2029 2094 provenere
2054 2015 2145 2076 ibi
2171 2016 2358 2095 scrip-

243 2101 257 2106 ·
309 2121 519 2176 torum
549 2133 788 2192 ,magna
828 2111 1102 2192 ingenia,
1131 2131 1248 2191 per
1285 2119 1589 2172 terrarum
1626 2111 1843 2172 orbem
1870 2110 2353 2174 Atheniensium

309 2213 614 2298 factapro
633 2210 922 2269 maximis
943 2208 1350 2271 celebrantur.
1435 2209 1537 2269 Ita
1563 2229 1775 2270 eorum
1796 2210 1905 2288 qui
1930 2208 2135 2270 fecere
2157 2209 2355 2269 virtus
2386 2219 2453 2268 20

308 2315 491 2368 tanta
517 2307 800 2384 habetur,
827 2313 1126 2386 quantum
1155 2325 1292 2366 eam
1319 2306 1527 2368 verbis
1552 2317 1819 2385 potuere
1852 2305 2153 2366 extollere
2178 2325 2355 2384 prae·

311 2405 474 2466 clara
493 2387 766 2484 ingenia.
847 2401 944 2464 At
978 2403 1217 2484 populo
1241 2403 1526 2464 Romano
1554 2423 1871 2483 nunquam
1898 2424 1977 2466 ea
2002 2402 2179 2482 copia
2205 2403 2355 2480 fuit,

310 2503 459 2583 quia
483 2499 1008 2582 prudentissimus
1047 2501 1304 2580 quisque
1345 2498 1611 2561 maxime
1640 2501 2006 2581 negotiosus
2042 2507 2173 2562 erat
2201 2519 2219 2576 ;
2260 2499 2353 2559 in·

308 2600 562 2680 genium
606 2619 792 2660 nemo
843 2597 980 2658 sine
1034 2618 1294 2678 corpore
1341 2598 1715 2675 exercebat-‚3
1766 2599 2047 2678 optimus
2090 2597 2353 2676 quisque

305 2697 518 2759 facere
546 2717 729 2776 quam
757 2696 963 2757 dicere
989 2716 1008 2773 ς
1050 2717 1164 2758 sua
1189 2695 1271 2756 ab
1301 2695 1445 2756 aliis
1469 2696 1633 2756 bene
1674 2696 1843 2756 sacta
1882 2695 2129 2758 laudari
2166 2715 2353 2776 quam
2386 2713 2451 2762 25

305 2793 443 2874 ipse
471 2793 732 2856 aliorum
757 2811 1004 2852 narrare
1033 2791 1318 2854 malebat.

430 2891 543 2952 IX.
587 2889 798 2970 Igitur
839 2889 1009 2950 domi
1054 2889 1441 2968 militiaeque
1494 2888 1644 2951 boni
1691 2910 1897 2952 mores
1942 2889 2351 2966 colebantur3

307 2987 641 3049 concordia
681 2986 973 3064 maxima,
1015 2987 1270 3047 minima
1309 2988 1579 3049 avaritia
1620 2995 1800 3062 erat3
1852 2987 1955 3065 jus
1998 2989 2351 3066 bonumque

244 3101 252 3112 ’
307 3087 476 3165 apud
503 3105 612 3145 eos
637 3104 765 3144 non
789 3084 1038 3164 legibus
1065 3083 1266 3165 magis
1291 3104 1478 3163 quam
1508 3092 1732 3145 natura
1757 3083 2025 3145 valebat.
2106 3082 2350 3162 Jurgia,

307 3182 671 3258 discordias,
693 3165 1046 3241 simultates
1069 3201 1208 3242 cum
1233 3180 1524 3241 hostibus
1551 3180 1927 3242 exercebant
1954 3200 1971 3256 ;
2014 3180 2183 3240 cives
2208 3199 2349 3240 cum
2382 3195 2449 3244 80

307 3277 550 3339 civibus
600 3280 678 3338 de
724 3279 960 3339 virtute
1001 3279 1361 3340 certabant:
1413 3279 1480 3337 in
1522 3277 1843 3357 suppliciis
1884 3279 2138 3338 deorum
2175 3297 2349 3358 mag·

305 3375 496 3452 nifici,
519 3375 686 3435 domi
713 3376 908 3454 parci,
925 3373 994 3433 in
1021 3377 1254 3435 amicos
1279 3375 1499 3435 fideles
1526 3381 1724 3436 erant.
1806 3374 2065 3434 Duabus
2091 3373 2188 3434 his
2204 3374 2350 3434 arti-

304 3472 444 3548 buS,
487 3471 747 3532 audacia
791 3472 857 3529 in
897 3470 1085 3548 belle,
1112 3471 1224 3532 ubi
1262 3493 1393 3552 pax
1432 3478 1728 3532 evenerat
1776 3470 2117 3550 aequitate,
2156 3491 2347 3549 seque

304 3587 562 3647 remque
603 3565 922 3646 publicam
965 3569 1280 3630 curabant.
1363 3567 1639 3642 Quarum
1666 3587 1873 3628 rerum
1912 3589 2035 3647 ego
2073 3569 2348 3642 mazima

304 3658 686 3738 docum-enta
720 3651 876 3722 haec
914 3662 1135 3741 habeo,
1167 3666 1330 3742 quod
1371 3667 1439 3723 in
1480 3663 1649 3725 bello
1688 3666 1937 3743 saepius
1962 3664 2347 3726 vindicatum
2380 3675 2444 3726 85

304 3767 408 3823 est
450 3760 518 3822 in
565 3780 676 3821 eos
717 3757 825 3838 qui
863 3765 1079 3819 contra
1121 3760 1450 3839 imperium
1492 3759 1559 3820 in
1606 3760 1847 3821 hostem
1888 3769 2345 3840 pugnaverant,

305 3857 534 3940 quique
559 3853 802 3918 tardius
817 3851 1096 3916 revocati
1117 3855 1358 3934 proelio
1383 3862 1799 3931 excesserant,
1820 3874 2009 3932 quam
2032 3855 2142 3932 qui
2167 3855 2351 3932 signa

2476 1105 2573 1156 'a
