2775 4192
751 192 840 244 ΒΕ
885 191 1252 244 CATILINAE
1297 191 1829 246 communita.
2332 195 2413 259 2¹2

261 355 466 419 lectos
507 362 576 418 et
619 357 1002 418 exercitatos
1043 357 1108 418 in
1150 356 1499 434 audaciam,
1532 355 1751 418 orabat
1790 361 1867 417 ut
1906 375 2105 437 greg-e
2148 355 2321 418 facto

263 474 404 514 cum
431 453 579 515 telis
605 454 690 515 ad
716 473 856 516 sese
894 452 1330 534 irrumperent.
1416 452 1653 516 Consul
1678 453 1789 514 ubi
1828 473 1905 515 ea
1944 451 2151 534 parari
2176 473 2321 534 cog-

262 552 465 628 novit,
493 550 818 631 dispositis
856 550 1188 631 praesidiis
1227 557 1302 612 ut
1339 571 1445 613 res
1484 557 1672 631 atque
1710 537 1964 629 tempus
2002 551 2319 628 monebat,

263 656 610 711 convocato
651 655 899 726 senatu,
935 650 1127 709 refert
1171 649 1326 734 q'uid
1369 649 1453 710 de
1492 649 1589 709 eis
1626 649 1757 710 fieri
1796 647 2063 728 placeat,
2106 649 2215 728 qui
2254 648 2321 709 in

262 747 616 808 custodiam
663 746 883 806 traditi
931 752 1132 808 erant.
1235 745 1367 808 Sed
1421 766 1532 808 eos
1584 745 1779 826 paulo
1824 753 1975 807 ante
2026 747 2321 827 frequens
2382 759 2413 806 5

263 851 524 905 senatus
550 841 938 922 judicaverat
965 853 1184 904 contra
1209 863 1344 904 rem
1378 842 1691 924 publicam
1718 841 1969 906 fecisse.
2050 843 2209 904 Tum
2238 843 2315 918 D.

264 941 307 1000 J
309 942 488 1000 unius
529 940 800 1016 Silanus,
827 940 1061 1023 primus
1101 941 1485 1002 sententiam
1526 946 1809 1020 rogatus,
1836 941 2001 1020 quod
2044 960 2125 1002 eo
2162 949 2319 1002 tem-

265 1057 416 1116 pore
455 1036 676 1098 consul
715 1036 1084 1117 designatus
1125 1044 1280 1114 erat,
1309 1038 1388 1098 de
1414 1039 1513 1098 eis
1550 1038 1659 1118 qui
1698 1038 1765 1098 in
1806 1039 2105 1100 custodiis
2144 1045 2320 1100 tene·

267 1136 515 1213 bantur,
542 1141 612 1197 et
650 1140 976 1215 praeterea
1015 1135 1096 1196 de
1137 1134 1210 1197 L.
1239 1134 1480 1214 Cassio,
1507 1133 1579 1198 P.
1622 1134 1832 1213 Furio,
1873 1135 1943 1212 P,
1974 1136 2316 1214 Umbreno,

268 1230 348 1307 Q.
401 1231 635 1308 Anni0,
693 1233 748 1294 si
801 1231 1176 1324 deprehensi
1229 1233 1459 1310 forent,
1514 1231 1885 1312 supplicium
1950 1234 2315 1295 sumendum
2348 1249 2415 1298 10

265 1332 666 1407 decreverat,
647 1351 663 1368 ·
707 1331 887 1409 isque
928 1336 1174 1408 postea,
1213 1337 1535 1408 permotus
1575 1329 1859 1390 oratione
1900 1329 1970 1392 G.
2010 1329 2317 1408 Caesaris,

265 1421 593 1508 pedibus
589 1422 656 1488 in
700 1425 1092 1500 sententiam
1147 1425 1286 1490 Tib.
1331 1425 1603 1488 Neronis
1650 1427 1883 1490 iturum
1928 1447 1999 1488 se
2040 1427 2309 1503 dixerat,

267 1527 377 1607 qui
399 1527 478 1587 de
497 1545 583 1586 ea
609 1545 676 1586 re
703 1521 1028 1609 praesidiis
1069 1521 1300 1584 additis
1326 1524 1723 1586 referendum
1762 1531 2104 1586 censuerat.
2188 1525 2317 1586 Sed

268 1611 517 1700 Caesar,
543 1622 654 1684 ubi
681 1622 762 1696 ad
787 1641 930 1682 eum
955 1615 1214 1681 ven-tum
1254 1628 1375 1700 est,
1403 1628 1662 1702 rogatus
1704 1622 2081 1684 sententiam
2108 1642 2147 1682 a
2172 1642 2315 1683 con·

265 1721 421 1796 sule,
440 1720 742 1800 hujusce
735 1711 909 1780 modi
936 1719 1124 1780 verba
1137 1693 1408 1780 locutus
1434 1727 1561 1780 est:
1809 1779 1821 1791 ,
2105 1740 2147 1771 ’τ
2348 1731 2409 1778 15

386 1818 494 1879 LI.
541 1820 582 1852 “
601 1816 834 1878 Omnes
872 1815 1173 1893 homines,
1209 1823 1423 1896 patres
1464 1816 1827 1897 conscripti,
1862 1816 1972 1896 qui
2012 1773 2091 1876 de
2132 1816 2317 1878 rebus

263 1915 475 1977 dubiis
503 1913 882 1992 consultant,
909 1914 990 1974 ab
1029 1911 1198 1990 odio,
1226 1913 1520 1989 amicitia,
1550 1911 1641 1972 ira
1669 1921 1857 1993 atque
1896 1912 2317 1975 misericordia

266 2032 500 2124 vacuos
539 2031 678 2074 esse
717 2011 918 2072 decet.
1001 2009 1194 2070 Haud
1232 2007 1417 2070 facile
1462 2009 1703 2070 animus
1746 2028 1961 2073 verum
2006 2011 2313 2090 providet,

265 2209 412 2270 usui
459 2207 685 2288 paruit.
787 2205 915 2266 Ubi
960 2206 1308 2276 intendem
1362 2204 1707 2284 ingenium,
1754 2203 1949 2276 valet:
2014 2206 2070 2266 si
2124 2204 2318 2265 libido
2346 2213 2413 2261 20

264 2305 574 2387 possidet,
602 2325 680 2365 ea
721 2297 1094 2380 dominatur,
1129 2301 1372 2365 animus
1416 2300 1571 2389 nihil
1618 2302 1807 2372 valet.
1889 2302 2125 2382 Magna
2165 2303 2319 2362 mihi

265 2405 454 2482 copia
490 2408 590 2465 est
631 2400 1032 2476 memorandi,
1061 2405 1272 2480 patres
1313 2398 1674 2478 conscripti,
1700 2419 1861 2479 quae
1901 2419 2087 2480 reges
2127 2406 2315 2479 atque

267 2501 508 2580 populi,
551 2501 644 2574 ira
659 2577 670 2587 .
687 2505 800 2560 aut
840 2496 1260 2560 misericordia
1315 2495 1589 2578 impulsi,
1632 2495 1795 2560 male
1850 2485 2316 2574 consuluerint3

266 2599 382 2659 sed
409 2619 488 2659 ea
515 2595 690 2657 malo
731 2595 955 2673 dicere,
983 2615 1146 2676 quae
1186 2593 1457 2675 majores
1494 2595 1697 2656 nostri
1735 2602 1955 2656 contra
1992 2595 2317 2656 libidinem

267 2695 463 2755 animi
501 2694 602 2755 sui
641 2700 812 2756 recte
851 2701 1043 2772 atque
1082 2693 1300 2754 ordine
1347 2692 1575 2754 fecere.
1659 2691 1841 2754 Bello
1888 2693 2315 2771 Macedonico,
2346 2704 2411 2753 25

267 2793 439 2872 quod
465 2811 608 2852 cum
635 2788 786 2870 re'ge
822 2790 1011 2852 Perse
1053 2789 1379 2876 gffisimus,
1410 2789 1793 2850 Rhodiorum
1834 2790 2059 2851 civitas
2086 2809 2315 2868 magna

267 2897 462 2970 atque
487 2885 840 2970 magnifica,
866 2907 1028 2968 quae
1054 2888 1274 2968 populi
1313 2887 1835 2968 Romaninpihus
1856 2893 2157 2965 creverat,
2186 2887 2317 2968 infi-

269 2988 352 3047 da
377 2993 444 3048 et
473 2987 738 3070 adversa
777 2986 958 3046 nobis
985 2985 1156 3062 fuit3
1196 2985 1308 3046 sed
1337 2991 1669 3064 postquam
1711 2984 1879 3046 bello
1920 2983 2211 3044 confecto
2237 2960 2318 3046 de

266 3083 535 3144 Rhodiis
561 3063 918 3143 consultum
957 3088 1076 3172 est,
1105 3067 1402 3169 majores
1416 3082 1638 3160 nostri,
1666 3101 1747 3162 ne
1774 3077 1913 3160 quis
1955 3081 2319 3143 divitiarum

265 3183 472 3260 magis
500 3175 687 3260 quam
715 3174 984 3258 injuriae
1009 3167 1198 3240 causa
1226 3178 1456 3240 bellum
1486 3178 1808 3267 inceptum
1836 3179 2094 3255 diceret,
2120 3178 2320 3257 impu·
2346 3197 2413 3246 so

264 3279 436 3337 nitos
485 3297 600 3338 eos
639 3274 946 3340 dimisere.
1046 3275 1211 3338 Item
1247 3259 1437 3336 'bellis
1480 3275 1738 3336 Punicis
1780 3277 2086 3350 omnibus,
2128 3295 2317 3354 quum

265 3395 456 3454 saepe
484 3373 1054 3455 Karthaginienses
1099 3383 1165 3436 et
1213 3371 1276 3434 in
1320 3393 1476 3452 paee
1522 3379 1591 3434 et
1639 3393 1752 3452 per
1796 3371 2074 3434 indutias
2122 3371 2319 3434 multa

265 3471 510 3532 nefaria
551 3471 826 3533 facinora
869 3472 1190 3550 fecissent,
1233 3491 1549 3552 nunquam
1592 3469 1715 3550 ips-i
1767 3490 1883 3549 per
1934 3468 2319 3532 occasionem

267 3569 428 3630 talia
466 3569 724 3646 fecere3
763 3570 964 3649 magis
1007 3568 1158 3648 quid
1187 3589 1270 3644 ge
1312 3569 1575 3648 dig-num
1619 3567 1806 3644 soret,
1834 3587 2021 3646 quam
2064 3565 2214 3646 quid
2252 3569 2321 3629 in

267 3665 459 3726 illos
435 3686 576 3746 jure
602 3665 736 3728 fieri
763 3673 998 3745 poss'et,
1027 3665 1431 3743 quaerebant.
2072 3707 2094 3722 x
2130 3688 2146 3717 κ
2348 3688 2411 3736 8⁸

391 3762 538 3824 Hoc
561 3762 711 3824 item
741 3763 919 3824 vobis
957 3761 1409 3841 providendum
1446 3763 1566 3834 est,
1592 3763 1813 3836 patres
1850 3757 2209 3835 conscripti,
2238 3779 2320 3820 ne

270 3859 414 3941 plus
441 3859 752 3984 apudavos
777 3857 988 3918 valeat
1016 3857 1088 3918 P.
1120 3852 1374 3916 Lentuli
1402 3860 1471 3916 et
1511 3857 1861 3912 ceterorum
1902 3853 2108 3912 scelus
2134 3871 2321 3929 quam
