2775 4192
334 194 412 258 28
979 186 1037 240 α
1070 165 1419 238 musra
1462 177 1682 231 cmsri
1724 174 1929 228 mann

429 361 643 416 vestra
683 353 982 434 dignitas,
1009 370 1131 411 neu
1171 344 1375 426 mag-is
1416 344 1546 404 irae
1586 346 1835 403 vestrae
1861 357 2048 418 quam
2089 337 2293 398 famae
2334 357 2480 400 con-

432 453 672 518 sulatis.
754 449 920 510 Nam
948 447 1004 508 si
1041 445 1236 524 digna
1273 461 1479 522 poena
1520 458 1633 519 pro
1671 437 1859 502 factis
1896 455 2113 498 eorum
2148 433 2479 514 reperitur,

431 571 662 613 novum
689 545 1023 626 consilium
1049 541 1373 622 approb03
1410 538 1508 598 sin
1528 533 1897 613 magnitudo
1924 529 2175 598 sceleris
2200 529 2479 592 omnium

431 649 687 728 ingenia
711 646 1074 722 exsuperat,
1099 641 1192 700 eis
1219 637 1547 698 utendum.
1564 652 1810 709 cense0,
1838 649 2001 711 quae
2040 627 2287 709 leg-ibus
2311 647 2476 700 9959„-

369 759 401 806 5
431 752 651 828 parata
681 750 843 804 sunt.

554 841 842 922 Plerique
871 837 1084 900 eorum
1113 833 1250 914 qui
1263 838 1411 892 ante
1454 849 1556 892 me
1593 825 1943 890 sententias
1979 826 2293 900 dixerunt,
2319 841 2479 884 com-

432 942 636 1021 posite
663 947 854 1018 atque
899 928 1228 1014 magnifice
1272 949 1484 990 casum
1525 925 1618 987 rei
1652 924 1941 1005 publicae
1983 921 2261 982 miserati
2300 927 2474 980 sunt:

433 1059 595 1118 quae
638 1036 788 1100 belli
821 1033 1085 1095 saevitia
1127 1034 1314 1103 esset,
1345 1044 1507 1106 quae
1535 1021 1721 1083 victis
1762 1021 2133 1095 acciderent,
2161 1037 2479 1079 enumera·

435 1156 614 1198 vere·
597 1183 615 1214 ,
676 1133 813 1212 rapi
855 1130 1154 1212 virginea,
1199 1143 1464 1206 pueros·
1446 1168 1467 1201 ,
1526 1118 1741 1182 divelli
1782 1118 2013 1180 liberos
2058 1138 2099 1176 a
2146 1121 2477 1195 parentum

343 1249 406 1296 10
436 1230 804 1311 complexu3
857 1233 1090 1307 matres
1141 1221 1519 1284 familiarum
1557 1217 1697 1298 pati
1752 1235 1915 1295 quae
1965 1212 2308 1276 victoribus
2360 1211 2481 1272 col

435 1329 810 1403 libuissent,
849 1327 1002 1387 fana
1045 1330 1234 1403 atque
1279 1319 1500 1380 domos
1546 1311 1839 1395 spoliari3
1892 1310 2167 1387 caedem,
2192 1307 2482 1371 incendia

438 1426 602 1488 fieri·-
585 1474 603 1505 ,
670 1431 984 1506 postremo
1040 1421 1246 1498 armis,
1299 1414 1729 1488 cadaveribus,
1782 1429 1995 1472 cruore
2061 1413 2254 1487 atque
2306 1405 2483 1466 luctu

437 1524 646 1586 omnia
683 1522 996 1602 compleri.
1080 1518 1226 1594 Sed,
1253 1535 1368 1598 per
1410 1509 1565 1575 deos
1607 1505 2009 1582 immortales,
2036 1525 2160 1586 quo
2201 1503 2311 1564 illa
2352 1523 2483 1564 ora·

437 1625 544 1685 tio
573 1620 878 1703 pertinuit
894 1621 926 1681 P
1007 1605 1135 1694 An,
1163 1614 1260 1676 uti
1283 1633 1397 1674 vos
1432 1610 1709 1674 infestos
1748 1599 2160 1684 conjurationi
2198 1601 2435 1662 faceret
2450 1601 2487 1662 ἲ

347 1731 408 1778 15
441 1720 694 1782 Scilicet
733 1737 932 1798 quem
961 1736 1060 1778 res
1101 1719 1284 1773 tanta
1326 1716 1395 1770 et
1430 1715 1567 1770 tam
1604 1714 1785 1769 atrox
1810 1723 1939 1766 non
1981 1700 2310 1780 permovit,
2338 1715 2482 1760 eum

441 1819 642 1880 oratio
685 1793 1006 1877 accendet.
1087 1809 1233 1871 Non
1278 1809 1372 1869 ita
1412 1813 1533 1884 est,
1560 1825 1763 1884 neque
1806 1802 2091 1880 cuiquam
2132 1795 2484 1859 mortalium

439 1916 702 1997 injuriae
741 1925 893 1974 'suae
944 1927 1180 1991 parvae
1213 1905 1543 1967 videntur:
1600 1901 1783 1962 multi
1836 1919 1943 1962 eas
1984 1896 2239 1978 gravius
2284 1911 2487 1974 aequo

443 2012 732 2073 habuere.
775 2025 790 2042 ²
1294 2021 1298 2026 '

481 2089 504 2162 s
561 2107 688 2170 Sed
727 2107 848 2180 alia
887 2105 1024 2168 aliis
1062 2103 1318 2166 licentia
1357 2106 1479 2178 est,
1517 2105 1731 2180 patres
1770 2094 2125 2176 conscriptis
2216 2091 2341 2168 Qui
2381 2091 2484 2153 de·

349 2223 414 2270 20
443 2207 614 2268 missi
641 2203 994 2267 in’obscuro
1022 2203 1216 2266 vitam
1243 2200 1501 2274 habent,
1530 2199 1585 2258 si
1621 2196 1770 2276 quid
1795 2195 2121 2271 iracundia
2151 2193 2487 2275 deliquere,

444 2305 628 2384 pauci
664 2303 886 2378 sciunt,
917 2301 1084 2361 fama
1125 2295 1318 2378 atque
1359 2297 1609 2356 fortuna
1651 2311 1867 2355 eorum
1909 2311 2091 2370 pares
2140 2300 2331 2367 sunt3
2378 2290 2488 2369 qui

444 2421 672 2481 magno
701 2399 958 2480 imperio
998 2397 1268 2478 praediti
1309 2396 1378 2455 in
1416 2390 1663 2454 excelso
1704 2397 1982 2452 aetatem
2029 2398 2246 2471 agunt,
2276 2409 2491 2450 eorum

444 2502 616 2560 facta
667 2498 876 2559 cuncti
929 2494 1220 2557 mortales
1273 2511 1522 2554 novere.
1632 2489 1737 2552 Ita
1788 2488 1855 2550 iu
1913 2489 2185 2551 maxima
2236 2489 2492 2552 fortuna

446 2597 700 2658 minima
721 2595 978 2658 licentia
1005 2600 1148 2668 est·;
1189 2611 1393 2672 neque
1421 2590 1675 2654 studere
1696 2609 1901 2670 neque
1926 2589 2153 2666 odisse,
2172 2588 2286 2650 sed
2312 2587 2492 2647 mini·

353 2705 416 2752 25
449 2715 546 2756 me
588 2694 767 2755 irasci
793 2694 1023 2767 decet-3
1065 2710 1232 2770 quae,
1271 2689 1440 2769 apud
1484 2688 1641 2749 alios
1684 2689 2005 2749 iracundia
2039 2685 2288 2764 dicitur,
2316 2683 2395 2755 'ea
2422 2685 2492 2744 in

449 2792 707 2870 imperio
749 2791 1039 2870 superbia
1082 2795 1276 2867 atque
1323 2786 1661 2847 crudelitas
1708 2783 2078 2865 appellatur.
2182 2781 2493 2863 Equidem

450 2907 574 2968 ego
613 2887 702 2948 sic
743 2886 1061 2964 existimO,
1107 2894 1318 2966 patres
1373 2881 1729 2963 conscripti,
1762 2901 1978 2942 omnes
2028 2881 2339 2941 cruciatus
2380 2877 2493 2938 mi-

451 3003 633 3046 nores
676 3003 862 3065 quam
903 2984 1174 3044 facinora
1201 2981 1449 3043 illorum
1496 3001 1673 3057 esse;
1716 2980 1831 3041 sed
1873 2979 2155 3058 plerique
2198 2974 2497 3036 mortales

453 3089 764 3163 postrema
790 3080 1144 3156 meminere,
1173 3087 1240 3139 et
1268 3082 1335 3140 in
1374 3079 1733 3143 hominibus
1756 3078 1983 3157 impiiS,
2006 3075 2253 3137 sceleris
2279 3093 2495 3136 eorum

357 3193 425 3242 30
454 3179 652 3256 obliti,
682 3180 760 3239 de
790 3199 992 3258 poena
1017 3176 1330 3239 disserunt
1361 3179 1415 3238 si
1446 3197 1521 3238 ea
1551 3174 1740 3256 paulo
1771 3167 2040 3236 severior
2067 3173 2207 3234 tuit.

575 3275 654 3339 D.
700 3275 996 3354 Silanum,
1026 3277 1232 3337 virum
1278 3275 1504 3335 fortem
1546 3282 1733 3353 atque
1780 3280 2120 3346 strenuum,
2154 3275 2327 3330 certo
2367 3265 2503 3328 scio

457 3393 618 3454 quae
661 3373 891 3434 dixerit
932 3373 1144 3434 studio
1193 3370 1281 3433 rei
1323 3369 1612 3451 publicae
1659 3369 1912 3446 dixisse,
1958 3387 2161 3446 neque
2208 3362 2385 3426 illum
2430 3363 2500 3424 in

459 3477 636 3531 tanta
661 3491 728 3530 re
756 3472 1022 3550 gratiam
1051 3475 1164 3530 aut
1202 3468 1559 3528 inimicitias
1598 3487 1922 3545 exercere3
1964 3485 2076 3526 eos
2111 3481 2311 3522 mores
2339 3481 2503 3521 eam-

459 3585 582 3644 que
610 3569 976 3630 modestiam
1004 3567 1126 3627 viri
1165 3562 1454 3644 cognovi.
1539 3562 1774 3623 Verum
1814 3561 2133 3624 sententia
2168 3559 2305 3639 ejus
2346 3557 2504 3618 mihi

367 3682 430 3730 85
460 3686 590 3727 non
617 3661 1113 3742 crudelis—quid
1140 3661 1304 3721 enim
1345 3660 1415 3718 in
1449 3656 1611 3720 tales
1648 3658 1929 3718 homines
1966 3655 2217 3718 crudele
2242 3653 2373 3714 fieri
2395 3673 2507 3732 po-

461 3770 594 3826 test
615 3760 840 3824 ⁴?-sed
866 3759 1068 3820 aliena
1110 3777 1149 3818 a
1177 3776 1245 3818 re
1286 3755 1543 3835 publica
1579 3760 1797 3814 nostra
1823 3753 2087 3814 videtur.
2168 3751 2335 3812 Nam
2360 3769 2503 3829 pro-

461 3860 636 3925 iecto
679 3863 792 3917 aut
833 3859 1038 3914 metus
1079 3857 1192 3912 aut
1223 3849 1458 3930 'injuria
1498 3855 1567 3909 te
1608 3847 1879 3928 subegit,
1908 3847 2145 3926 Silane,
2188 3843 2505 3910 consulem
