2775 4192
743 196 832 248 mi
875 195 1242 248 caranum
1285 193 1815 250 consummem.
2024 115 2193 218 μί)
2215 49 2410 254 έὲ
2475 117 2541 232 'vl
2560 199 2577 216 ’

259 361 492 423 habere
539 343 762 422 solitus
811 367 984 438 erat3
1023 380 1106 422 ex
1151 357 1327 420 libris
1375 357 1701 440 Sibyllinis
1746 377 2015 438 regnum
2060 355 2300 420 Romae

257 459 460 520 tribus
488 458 792 520 Corneliis
819 457 1146 537 portendi3
1188 456 1455 517 Cinnam
1496 463 1689 536 atque
1730 455 1965 516 Sullam
1992 462 2200 532 antea,
2230 475 2299 516 se

257 551 520 618 tertiuin
565 576 723 632 esse,
767 555 870 614 cui
917 555 1118 614 fatum
1160 555 1326 614 foret
1370 553 1545 616 urbis
1586 552 1811 634 potiri3
1850 559 2176 633 praeterea
2216 551 2298 612 ab

255 656 518 716 incenso
543 652 854 732 Capitolio
881 651 1056 712 illum
1077 672 1219 714 esse
1233 651 1603 731 vigesimum
1628 671 1881 727 annum,
1901 671 2085 730 quem
2110 670 2299 730 saepe

259 771 338 812 ex
365 750 669 831 prodigiis
695 749 1053 828 haruspices
1080 750 1554 828 respondissent
1592 748 1758 810 bello
1784 747 1949 810 civili
1974 755 2297 810 cruentum
2364 753 2397 802 ὅ

261 850 407 910 fore.
489 848 700 927 Igitur
723 845 1016 928 perlectis
1043 845 1292 923 litteris,
1313 865 1505 924 quum
1533 845 1703 924 prius
1730 866 1947 916 omnes
1973 846 2159 926 signa
2171 865 2297 918 sua
2356 805 2393 928 ’,ὲ

259 944 728 1026 cognovissent,
775 951 1031 1004 senatus
1078 941 1381 1020 decernit,
1422 943 1523 1002 uti
1564 941 1872 1020 gbdicato
1922 941 2299 1022 magistratu

258 1042 586 1119 Lentulus,
629 1042 906 1120 itemque
951 1040 1166 1117 ceteri,
1205 1040 1275 1100 in
1320 1038 1537 1100 liberis
1582 1039 1883 1100 custodiis
1930 1039 2295 1100 habeantur.

257 1139 486 1219 Itaque
509 1137 814 1200 Lentulus
841 1136 913 1200 P.
935 1136 1208 1198 Lentulo
1237 1133 1580 1216 Spintheri,
1602 1137 1711 1216 qui
1730 1149 1867 1198 tum
1896 1135 2119 1198 aedilis
2140 1146 2295 1212 erat,

258 1237 584 1318 Cethegus
623 1235 698 1311 Q.
731 1235 1084 1313 Cornificio,
1115 1233 1407 1296 Statilius
1448 1233 1519 1296 C.
1554 1233 1829 1310 Caesari,
1858 1231 2169 1296 Gabinius
2206 1233 2293 1296 M.
2334 1243 2397 1292 10

261 1333 512 1412 Crasse,
561 1333 1130 1413 Caeparius—nam
1169 1333 1226 1393 is
1269 1332 1461 1412 paulo
1502 1340 1653 1394 ante
1682 1353 1764 1392 ex
1792 1332 1945 1412 fuga
1986 1337 2306 1394 retractus

117 1475 134 1484 ,
257 1431 590 1492 erat—Cn.
619 1431 916 1492 Terentio
942 1431 1216 1492 senatori
1249 1430 1593 1492 traduntur.

378 1511 681 1589 XLVIII.
725 1527 977 1589 Interea
1010 1527 1245 1606 plebes„
1285 1528 1719 1608 conjuratione
1754 1527 2099 1607 patefacta,
2134 1546 2299 1606 quae

253 1627 477 1706 primo,
505 1625 734 1704 cupida
759 1645 966 1686 rerum
991 1643 1306 1700 novarum,
1335 1625 1523 1684 nimis
1559 1623 1723 1686 bello
1748 1625 2025 1701 favebat,
2058 1631 2299 1684 mutata

257 1730 466 1783 mente
508 1707 816 1784 Catilinae
856 1721 1120 1782 consilia
1157 1722 1487 1799 exsecrari,
1533 1721 1893 1808 Ciceronem
1932 1721 2015 1782 ad
2054 1720 2297 1782 caelum
2334 1734 2397 1784 16

252 1819 513 1897 tollere3
541 1817 740 1881 veluti
759 1839 842 1880 ex
867 1820 1176 1881 servitute
1203 1826 1425 1899 erepta
1450 1819 1749 1899 gaudium
1770 1829 1963 1898 atque
1989 1818 2297 1878 laetitiam

252 1916 585 1996 agitabat3
624 1936 893 1996 namque
919 1914 1044 1976 alia
1082 1914 1235 1976 belli
1260 1914 1535 1976 facinora
1571 1915 1839 1994 praedae
1878 1915 2083 1995 magis
2108 1935 2295 1994 quam

251 2015 636 2077 detrimento
662 2015 814 2090 fore,
841 2014 1195 2075 incendium
1223 2033 1371 2076 vero
1406 2013 1679 2092 crudele,
1704 2014 2195 2090 immoderatum,
2222 2033 2297 2072 ac

251 2113 377 2174 sibi
403 2114 670 2172 maxime
691 2111 1122 2173 calamitosum
1146 2111 1435 2192 putabat,
1458 2113 1693 2194 quippe
1712 2110 1816 2188 oui
1841 2131 2053 2172 omnes
2078 2109 2296 2192 copiae
2330 2126 2352 2189 g

251 2213 318 2271 in
347 2229 470 2271 usu
497 2209 814 2270 cotidiano
839 2215 906 2270 et
933 2207 1108 2270 cultu
1133 2211 1409 2288 corporis
1434 2216 1633 2273 erant.
2329 2217 2396 2266 20·

374 2308 532 2370 Post
557 2328 698 2369 eum
737 2309 902 2370 diem
935 2309 1188 2388 quidam
1229 2306 1302 2368 L.
1332 2307 1703 2388 Tarquinius
1740 2307 1827 2368 ad
1866 2315 2149 2370 senatum
2191 2308 2297 2368 ad-

250 2407 480 2468 ductus
517 2413 675 2484 erat,
701 2425 886 2485 quem
897 2403 1378 2561 &atili-gam
1418 2404 1913 2485 proficiscentem
1952 2425 2033 2467 ex
2071 2405 2297 2469 itinere

1043 2523 1074 2562 s

1142 2475 1178 2500 -s

248 2511 590 2564 retractum
619 2501 975 2596 siphan&
1122 2522 1312 2582 quum
1359 2523 1429 2562 se
1476 2502 1715 2564 diceret
1754 2503 2169 2566 indicaturum
2214 2505 2295 2566 de

251 2599 680 2680 conjuratione
718 2599 769 2659 si
810 2599 963 2660 fides
1006 2599 1258 2678 publica
1298 2600 1449 2661 data
1492 2606 1681 2676 esset,
1708 2599 1921 2680 jussus
1958 2622 1999 2662 a
2036 2602 2293 2664 consule

251 2716 412 2776 quae
439 2695 628 2758 sciret
655 2697 917 2773 edicere,
943 2695 1330 2778 Qlfere
1357 2716 1517 2778 quae
1546 2697 1926 2777 Volturcius,
1952 2699 2031 2760 de
2056 2700 2291 2780 paratis
2325 2709 2391 2756 25

251 2793 572 2871 incendiis,
601 2794 680 2855 de
721 2795 914 2856 caede
949 2795 1274 2872 bonorum,
1301 2795 1380 2856 de
1420 2795 1644 2857 itinere
1683 2796 1978 2903 hosffium,
2000 2805 2296 2866 senatum

253 2890 474 2970 docet3
530 2898 854 2971 praeterea
897 2912 966 2952 se
1015 2893 1268 2953 missum
1315 2912 1352 2952 a
1398 2892 1483 2954 M.
1536 2893 1782 2972 Crasso,
1826 2895 1935 2974 qui
1983 2893 2291 2956 Catilinae

227 2987 590 3066 nuntiaret,
618 3007 700 3049 ne
739 3008 881 3048 cum
920 2989 1228 3050 Lentulus
1255 2997 1321 3050 et
1347 2989 1671 3070 Cethegus
1710 2992 1941 3070 aliique
1976 3013 2057 3052 ex
2082 2994 2292 3073 conju-

249 3086 491 3158 mione
532 3078 905 3164 deprehensi
947 3094 1272 3163 terrerent,
1317 3107 1519 3167 eoque
1560 3087 1761 3168 magis
1803 3097 2165 3167 properaret
2208 3090 2287 3149 ad

248 3181 464 3242 urbem
491 3183 804 3258 accedere,
832 3203 956 3263 quo
997 3190 1064 3244 et
1105 3191 1450 3245 ceterorum
1492 3183 1733 3245 animos
1773 3185 2053 3247 reficeret
2088 3193 2155 3246 et
2196 3187 2289 3246 illi
2322 3199 2394 3248 80

247 3277 496 3339 facilius
536 3301 574 3340 e
613 3281 888 3358 periculo
927 3283 1332 3362 eriperentur.
1416 3282 1545 3344 Sed
1570 3283 1683 3343 ubi
1721 3282 2088 3362 Tarquinius
2113 3283 2291 3346 Cras-

245 3395 383 3435 sum
411 3376 774 3454 nominavit,
801 3378 1111 3441 hominem
1138 3379 1431 3456 nobilem,
1452 3377 1737 3440 maximis
1763 3381 2026 3457 divitiis,
2050 3401 2289 3442 summa

243 3474 556 3552 potentia,
585 3473 692 3534 alii
718 3495 846 3534 rem
873 3477 1298 3551 incredibilem
1325 3477 1467 3554 rati,
1489 3497 1655 3558 pars,
1674 3478 1926 3541 tametsi
1951 3499 2159 3541 verum
2186 3501 2291 3542 ex-

244 3569 627 3647 istimabant,
657 3578 869 3633 tamen
909 3575 1055 3653 quia
1095 3576 1156 3634 in
1199 3573 1314 3656 tali
1352 3582 1637 3655 tempore
1674 3582 1857 3636 tanta
1881 3576 1979 3644 xis
2018 3575 2311 3656 hominis·

245 3667 450 3746 magis
475 3667 768 3728 leniunda
795 3689 979 3748 quam
996 3667 1378 3751 exagitanda
1396 3671 1743 3750 videbatur,
1763 3672 2038 3754 plerique
2060 3673 2287 3736 Crasso
2320 3691 2385 3738 8⁶

247 3782 330 3824 ex
371 3765 649 3843 negotiis
691 3765 956 3844 privatis
999 3768 1274 3844 obnoxii,
1312 3768 1703 3830 conclamant
1740 3769 2009 3832 indicem
2053 3771 2285 3832 falsum

247 3879 407 3939 esse,
433 3858 636 3940 deque
678 3881 754 3921 ea
794 3881 860 3922 re
898 3863 1222 3942 postulant
1261 3864 1361 3924 uti
1396 3865 1725 3941 referatur.
1808 3866 2031 3944 Itaque
2064 3887 2285 3926 consu-
