2775 4192
339 163 422 224 36
971 163 1026 218 0.
1060 163 1411 220 smusm
1454 168 1676 250 cmsm
1718 171 1925 226 ιιιιιιιι
1968 149 1977 154 ”

437 326 1362 414 conijtefactam,
1390 335 1469 396 de
1495 333 1767 399 Lentulo
1808 345 1877 400 et
1918 333 2205 423 Cethego
2228 347 2483 408 ceteris-

437 445 559 505 que
599 447 757 504 quos
798 447 986 507 supra
1025 432 1361 492 memoravi
1400 429 1775 513 supplicium
1817 445 2153 517 sumptum,
2180 439 2483 525 plerique,

437 534 594 602 quos
621 525 702 583 ad
728 524 962 584 bellum
983 545 1128 605 spes
1147 529 1505 608 rapinarum
1524 538 1635 592 aut
1656 552 1957 594 novarum
1976 555 2182 596 rerum
2202 539 2481 601 studium

437 618 746 698 illexerat,
773 619 1168 702 dilabuntur3
1211 625 1483 706 reliquos
1513 623 1780 690 Catilina
1808 651 1922 710 per
1948 643 2197 696 montes
2224 654 2482 718 asperos

373 727 404 773 5
435 716 682 797 magnis
708 715 1034 780 itineribus
1073 722 1143 781 in
1183 743 1405 803 agrum
1432 724 1881 786 Pistoriensem
1925 729 2203 810 abducit,
2230 753 2307 794 eo
2334 755 2479 795 con-

437 813 594 891 silio,
623 817 722 875 uti
748 837 862 896 per
886 820 1172 882 tramites
1198 821 1445 881 occulte
1472 823 1881 902 perfugeret
1861 845 1928 885 ιιι
1954 825 2227 889 Galliam
2255 829 2483 894 Trans-

435 909 725 991 alpinam.

556 1011 650 1070 At
690 1011 766 1086 Q.
811 1013 1102 1076 Metellus
1147 1015 1328 1078 Celer
1369 1039 1511 1079 cum
1556 1019 1760 1080 tribus
1814 1019 2169 1102 legionibus
2214 1024 2281 1086 in
2324 1047 2479 1107 agro

435 1105 668 1168 Piceno
695 1112 1110 1190 praesidebat,
1141 1135 1222 1174 ex
1263 1115 1627 1176 difficultate
1654 1136 1859 1178 rerum
1886 1119 2103 1182 eadem
2130 1121 2240 1182 illa
2266 1126 2479 1184 existi-

338 1215 402 1264 10
433 1225 610 1266 mans
647 1227 810 1287 quae
849 1229 1038 1290 supra
1077 1213 1370 1288 diximus,
1400 1212 1734 1274 Catilinam
1774 1217 2036 1296 agitare.
2122 1218 2329 1299 Igitur
2370 1223 2477 1284 ubi

429 1302 556 1364 iter
581 1304 720 1384 ejus
747 1327 832 1371 ex
856 1308 1136 1389 perfugis
1162 1309 1478 1390 cognovit,
1508 1319 1715 1372 castra
1740 1331 2009 1392 propere
2034 1318 2230 1376 movit
2257 1335 2331 1378 ac
2356 1319 2477 1380 sub

431 1401 588 1483 ipsis
614 1403 928 1466 radicibus
969 1407 1276 1468 montium
1319 1409 1627 1488 consedit,
1664 1429 1790 1489 qua
1812 1410 1941 1486 Q
1961 1413 2297 1476 descensus
2338 1423 2477 1477 erat

429 1498 498 1561 in
545 1501 816 1564 Galliam
864 1505 1254 1586 EQ
1357 1507 1585 1588 Neque
1632 1515 1847 1569 tamen
1894 1508 2211 1572 Antonius
2256 1514 2475 1593 procul

431 1599 668 1679 aberat,
693 1607 921 1681 utpote
961 1602 1072 1682 qui
1109 1598 1346 1685 magno
1387 1605 1689 1684 exercitu,
1730 1605 1885 1667 locis
1922 1610 2332 1687 aequioribus
2366 1633 2474 1673 ex·-

336 1707 398 1756 15
429 1699 703 1777 peditus,
731 1701 798 1760 in
824 1701 977 1782 fuga
1005 1709 1388 1782 sequeretur.
1475 1701 1604 1766 Sed
1630 1703 1921 1782 Catilina,
1941 1713 2273 1788 postquam
2294 1709 2473 1771 videt

419 1797 744 1860 montibus
787 1805 975 1879 atque
1015 1801 1217 1881 copiis
1258 1801 1535 1862 hostium
1577 1821 1717 1864 sese
1760 1801 2053 1881 clausum,
2085 1805 2151 1864 in
2178 1805 2333 1866 urbe
2370 1827 2472 1867 res

431 1898 751 1975 adversas,
781 1918 987 1978 neque
1025 1899 1224 1980 fugae
1263 1920 1467 1980 neque
1504 1899 1804 1980 praesidii
1845 1899 2038 1962 ullam
2078 1923 2277 1982 spem,
2306 1903 2472 1982 opti-

429 2015 598 2055 mum
625 1997 804 2057 factu
828 2005 1000 2058 ratus
1041 1997 1106 2058 in
1149 1996 1264 2058 tali
1302 2017 1370 2057 re
1412 1997 1733 2058 fortunam
1766 1997 1920 2058 belli
1947 2005 2213 2084 tentare,
2246 2001 2472 2061 statuit

428 2113 571 2153 cum
606 2093 889 2157 Antonio
929 2115 1116 2175 quam
1156 2094 1422 2174 primum
1464 2095 1816 2173 confligere.
1902 2093 2144 2175 Itaque,
2176 2097 2470 2159 contione

331 2199 399 2247 20
429 2191 750 2268 advocata,
781 2192 1040 2274 hujusce
1069 2192 1236 2253 modi
1263 2192 1608 2253 orationem
1635 2191 1861 2254 habuit
1887 2212 1903 2254 ι

549 2288 786 2352 LVIII.
831 2292 871 2324 “
889 2290 1292 2369 Compei-tum
1336 2309 1459 2368 ego
1500 2289 1723 2366 haben,
1750 2289 2007 2368 milites,
2049 2293 2241 2354 verba
2278 2294 2474 2357 virtu-

429 2393 557 2448 tem
584 2407 711 2447 non
738 2389 986 2464 addere,
1017 2407 1224 2467 neque
1250 2409 1331 2449 ex
1370 2386 1603 2466 ignavo
1644 2396 1962 2448 strenuum
2005 2409 2207 2468 neque
2246 2392 2468 2452 sortem

430 2504 511 2545 ex
555 2485 774 2546 timido
817 2487 1162 2548 exercitum
1207 2485 1493 2545 oratione
1537 2483 1933 2563 vimperatoris
1980 2486 2130 2549 fieri.
2214 2469 2471 2561 Quanta

431 2583 732 2663 cujusque
757 2583 966 2645 animo
993 2583 1250 2645 audacia
1275 2587 1501 2642 natura
1528 2589 1645 2643 aut
1684 2582 1958 2643 moribus
1986 2582 2171 2662 inest,
2198 2575 2377 2645 tanta
2403 2585 2471 2644 in

330 2689 396 2738 25
427 2677 598 2740 bello
623 2687 842 2760 patere
869 2680 1068 2764 solet·
1107 2701 1293 2761 quem
1329 2699 1535 2760 neque
1575 2678 1778 2760 gloria
1818 2700 2022 2759 neque
2062 2680 2339 2761 pericula
2364 2703 2473 2743 ex·

429 2778 654 2854 citant,
701 2763 1080 2876 nequiquam
1133 2778 1419 2860 hertei-03
1472 2777 1667 2838 timor
1712 2777 1903 2837 animi
1950 2777 2202 2838 auribus
2256 2779 2470 2842 officit.

429 2871 558 2934 Sed
584 2894 713 2987 ego
734 2895 848 2936 vos
875 2895 999 2955 quo
1024 2895 1228 2956 pauca
1263 2895 1585 2936 monerem
1621 2875 1943 2952 advocavi,
1960 2863 2157 2936 simul
2196 2875 2291 2938 uti
2330 2895 2475 2937 cau-

428 2991 564 3032 sam
590 2972 718 3033 mei
743 2969 1001 3034 consilii
1013 2971 1337 3056 aperirem.
1772 2975 1786 2994 ⁹

419 3051 428 3067 ³
551 3067 742 3130 Scitis
771 3069 1081 3148 equidem,
1113 3068 1359 3146 milites,
1394 3070 1681 3130 socordia
1708 3075 1903 3148 atque
1928 3068 2183 3148 ignavia
2211 3069 2473 3132 Lentuli

332 3171 398 3219 30
429 3175 730 3245 quantam
777 3165 902 3245 ipsi
955 3167 1264 3246 nobisque
1319 3152 1559 3227 cladem
1612 3165 1917 3242 attulerit,
1964 3186 2215 3246 quoque
2266 3167 2471 3244 mod0,

430 3265 578 3324 dum
605 3284 704 3346 ex,
723 3263 878 3324 urbe
919 3262 1230 3342 praesidia
1269 3262 1582 3342 opperior,
1608 3262 1675 3323 in
1718 3261 1987 3329 Galliam
2028 3262 2340 3342 proficisci
2364 3284 2474 3323 ne-

431 3361 758 3438 quiverim.
841 3359 1028 3421 Nunc
1054 3379 1204 3420 vero
1231 3381 1355 3439 quo
1396 3361 1462 3420 in
1502 3360 1644 3422 loco
1684 3380 1783 3420 res
1822 3367 2077 3420 nostrae
2117 3359 2265 3437 sint,
2291 3360 2475 3440 juxta

431 3477 671 3518 mecum
710 3477 928 3517 omnes
969 3455 1363 3536 intellegitis.
1445 3455 1781 3516 Exercitus
1823 3455 2093 3516 hostium
2136 3457 2281 3533 dun,
2308 3475 2473 3516 unus

429 3554 510 3613 ab
539 3553 712 3630 urbe,
743 3552 906 3614 alter
930 3573 968 3612 a
997 3551 1204 3614 Gallia
1231 3553 1523 3630 obstant3
1564 3553 1802 3612 diutius
1828 3552 1893 3612 in
1922 3553 2021 3613 his
2046 3551 2199 3613 locis
2230 3571 2391 3627 esse,
2420 3553 2477 3612 si

334 3663 398 3712 85
432 3649 704 3710 maxime
730 3652 970 3710 animus
997 3650 1179 3724 ferat,
1204 3648 1507 3710 frumenti
1536 3655 1727 3728 atque
1756 3647 2011 3708 aliarum
2053 3669 2255 3709 rerum
2298 3668 2478 3727 eges·

431 3753 532 3807 tas
557 3745 887 3826 probibet;
929 3763 1318 3824 quocumque
1344 3747 1437 3805 ire
1462 3743 1694 3824 placet,
1720 3743 1890 3804 ferro
1916 3743 2039 3805 iter
2062 3744 2477 3825 aperiundum

433 3849 552 3907 est.
633 3839 1035 3922 Quapropter
1057 3859 1174 3902 vos
1210 3857 1458 3917 moneo,
1484 3838 1585 3900 uti
1610 3840 1760 3899 forti
1783 3845 1977 3920 atque
2014 3847 2240 3920 parato
2265 3839 2475 3902 animo
