2775 4192
765 191 856 242 DE
899 191 1264 243 CATILINAE
1307 191 1839 247 consumment.
2386 199 2425 260 9

277 361 398 433 rat,
423 353 642 414 multis
667 354 870 414 modis
905 353 1076 416 mala
1111 355 1395 416 facinora
1420 355 1745 419 edocebat.
1826 356 1931 416 Ex
1964 355 2091 418 illis
2130 363 2331 420 testes

279 451 754 530 signatoresque
781 449 980 512 falsos
1005 436 1407 514 'commodare
1434 473 1452 528 3
1496 454 1699 532 fidem,
1726 455 2028 532 fortunas,
2056 453 2331 536 pericula

279 548 430 610 vilia
479 547 733 621 habere,
786 554 955 627 post,
985 549 1095 608 ubi
1137 569 1346 609 eorum
1390 552 1621 613 samam
1662 559 1857 630 atque
1897 552 2197 630 pudorem
2238 559 2330 614 at·

279 644 561 722 triverat,
577 647 818 726 maj0ra
845 645 966 705 alia
992 645 1344 725 imperabat
1371 665 1390 722 ;
1432 645 1488 706 si
1512 667 1704 708 causa
1732 649 2033 727 peccandi
2060 648 2129 708 in
2155 669 2331 730 prae·

279 761 426 802 sens
453 742 662 802 minus
691 743 1094 822 suppetebat,
1125 742 1322 804 nihilo
1347 741 1561 804 minus
1588 745 1875 805 insontes
1900 743 2085 806 sicuti
2112 755 2325 810 sontes
2394 767 2425 815 s

279 837 744 915 circumvenire,
770 839 1095 919 jugulare:
1139 839 1399 916 scilicet,
1428 859 1509 901 ne
1536 860 1651 920 per
1677 839 1873 904 otium
1898 847 2327 921 torpescerent

257 955 515 1022 Q
543 942 656 996 aut
698 935 964 1018 animus,
1005 935 1289 1015 gratuito
1317 928 1545 1016 'potius
1584 937 1786 998 malus
1830 941 2019 1019 atque
2062 939 2327 1002 crudelis

279 1041 432 1118 erat,
518 1032 630 1099 Eis
673 1031 889 1092 amicis
931 1032 1242 1112 sociisque
1285 1034 1559 1094 confisus
1602 1033 1895 1108 Catilina,
1936 1035 2117 1096 simul
2158 1037 2324 1115 quod

279 1149 388 1192 aes
411 1129 682 1190 alienum
709 1149 826 1208 per
849 1149 1068 1192 omnes
1092 1137 1290 1192 terras
1315 1131 1543 1210 ingens
1570 1143 1745 1210 erat(
1756 1139 1825 1192 et
1850 1133 2019 1211 quod
2046 1131 2323 1213 plerique

277 1225 516 1288 Sullani
542 1223 795 1305 milites,
817 1226 1056 1307 larg-ius
1085 1246 1200 1310 sup
1227 1228 1349 1305 usi,
1367 1227 1721 1306 rapinarum
1748 1236 1819 1291 et
1832 1229 2127 1292 victoriae
2156 1237 2325 1292 vete-
2360 1253 2427 1301 ιο

275 1325 366 1385 ris
417 1343 743 1401 memores,
785 1323 968 1386 civile
1025 1309 1286 1386 bellum⁷
1301 1317 1712 1404 exoptabant,
1752 1326 2197 1407 opprimendae
2232 1327 2326 1388 rei

275 1420 564 1500 publicae
603 1420 930 1482 consilium
971 1421 1164 1500 cepit.
1245 1422 1328 1482 In
1365 1421 1555 1483 Italia
1590 1423 1798 1484 nullus
1839 1425 2168 1502 exercitus,
2206 1423 2319 1486 Cn.

277 1517 612 1598 Pompeius
636 1518 706 1578 in
733 1518 1031 1580 extremis
1067 1519 1250 1579 terris
1287 1517 1519 1580 bellum
1544 1519 1807 1600 gerebat
1833 1541 1853 1597 3
1890 1521 2013 1604 ipsi
2042 1521 2323 1582 consula-

275 1621 414 1675 tum
457 1601 988 1728 ffltssnfiana
1034 1635 1219 1696 spes;
1279 1623 1541 1678 senatus
1591 1615 1749 1676 nihil
1793 1637 1945 1678 sane
1994 1619 2325 1695 intentus;

275 1719 454 1772 tutae
480 1712 978 1792 tranquillaeque
1005 1733 1106 1776 res
1139 1731 1358 1776 omnes
1373 1735 1393 1776 t
1436 1715 1551 1776 sed
1578 1733 1657 1775 ea
1682 1735 1935 1795 prorsus
1968 1721 2323 1796 opportuna
2360 1735 2421 1784 ιε

445 1829 606 1870 mae.

37 1894 42 1898 ’
169 1877 344 2027 Ηλβ.
426 1890 440 1902 ’
465 1906 608 1968 VII.
654 1906 861 1987 Igitur
899 1908 1147 1972 circiter
1187 1907 1509 1970 Kalendas
1546 1907 1791 1987 Junias,
1834 1909 1905 1973 L.
1948 1910 2215 1972 Caesare
2254 1917 2323 1971 et

113 1963 160 2060 (Ι
209 2005 238 2040 ³
329 2049 346 2066 .
396 2003 624 2084 Figulo
674 2005 1056 2083 consulibus,
1101 2005 1304 2086 primo
1349 2006 1633 2086 singulos
1685 2006 2037 2088 appellare:
2087 2008 2321 2068 hortari

273 2101 451 2180 alios»,
477 2104 636 2164 alios
677 2110 959 2182 tentare3
1000 2124 1152 2183 opes
1193 2124 1359 2180 suas,
1402 2103 1771 2184 imparatam
1813 2125 1944 2164 rem
1983 2103 2315 2183 publicam,

274 2221 504 2280 magna
530 2201 805 2306 praemi?
842 2200 1292 2280 'conjurationis
1329 2201 1572 2263 docere.
1656 2199 1786 2262 Ubi
1814 2199 1968 2261 satis
1996 2200 2319 2279 explorata
2356 2217 2421 2266 20

271 2307 422 2360 sunt
446 2319 606 2378 quae
633 2269 853 2376 vssluit,
883 2300 950 2359 in
977 2318 1170 2358 unum
1197 2318 1415 2360 omnes
1440 2292 1763 2374 convocat,
1790 2297 2019 2377 quibus
2046 2298 2317 2358 maxima

270 2395 671 2457 necessitudo
711 2403 780 2458 et
821 2396 1150 2476 plurimum
1193 2393 1489 2456 audaciae
1526 2393 1751 2457 inerat.
1835 2393 1930 2455 Eo
1972 2415 2321 2456 convenere

271 2494 570 2552 senatorii
607 2492 842 2554 ordinis
883 2493 954 2554 P.
985 2491 1290 2553 Lentulus
1333 2490 1509 2568 Sura,
1550 2490 1625 2553 P.
1656 2488 2025 2568 Autronius,
2062 2490 2131 2552 L.
2172 2489 2320 2552 Cas-

235 2581 402 2648 'sius
455 2589 797 2669 Longinus,
847 2590 916 2652 C.
974 2590 1312 2669 Cethegus,
1361 2587 1625 2649 Publius
1678 2595 1747 2650 et
1804 2589 2055 2651 Servius
2110 2585 2318 2649 Sullae

273 2683 478 2754 Servii
516 2686 648 2766 filii,
677 2687 748 2748 L.
781 2687 1234 2766 VargunteiuS,
1263 2685 1342 2760 Q.
1373 2684 1642 2762 Annius,
1682 2685 1767 2748 M.
1797 2686 2059 2747 Porcius
2098 2685 2321 2765 Laeca,
2354 2707 2420 2756 25

271 2780 342 2844 L.
371 2781 616 2860 Bestia,
645 2781 720 2858 Q.
751 2783 974 2846 Curius
999 2803 1018 2860 ;
1059 2790 1386 2863 praeterea
1413 2803 1495 2846 ex
1512 2781 1791 2862 equestri
1816 2783 2031 2843 ordine
2060 2781 2145 2845 M.
2175 2781 2319 2844 Ful-

271 2877 412 2939 vius
451 2878 758 2957 Nobilior,
787 2879 858 2942 L.
902 2880 1214 2958 Statilius,
1243 2881 1314 2942 P.
1357 2879 1667 2941 Gabinius
1710 2878 1961 2960 Capite,
1988 2879 2058 2941 C.
2090 2879 2320 2941 Corne-

270 2974 427 3055 lius3
469 2977 551 3038 ad
587 2976 706 3038 hoc
729 2976 910 3039 multi
937 2999 1020 3064 εξ
1046 2977 1306 3038 coloniis
1335 2984 1405 3040 et
1444 2977 1821 3058 municipiiS,
1848 2977 2017 3037 domi
2056 2975 2315 3038 nobiles.

271 3069 474 3134 Erant
501 3081 826 3154 praeterea
851 3074 1204 3154 complures
1229 3073 1424 3154 paulo
1450 3074 1762 3142 occultius
1790 3072 2031 3134 consilii
2056 3071 2320 3156 hujusce

159 3197 169 3206 ·
195 3222 202 3230 .
269 3170 606 3250 participes
627 3171 886 3249 nobileS,
906 3191 1064 3251 quos
1088 3172 1294 3250 magis
1317 3169 1759 3232 dominationis
1778 3190 1924 3249 spes
1950 3169 2321 3230 hortabatur
2354 3191 2419 3238 80

271 3285 457 3344 quam
477 3269 692 3348 inopia
712 3277 826 3329 aut
843 3269 970 3328 alia
989 3267 1403 3330 necessitudO.
1488 3267 1791 3358 C‘ssssel'uffi,
1803 3266 2099 3346 juventus
2121 3267 2318 3346 plera·
2373 3317 2384 3322 -
2476 3273 2499 3308 ‘-

267 3383 411 3442 que,
442 3366 554 3424 sed
585 3365 852 3427 maxime
877 3362 1198 3441 nobilium,
1229 3364 1537 3426 Catilinae
1564 3348 1831 3444 indeptis
1857 3364 2149 3426 favebat:
2190 3363 2321 3443 qui·

271 3459 388 3520 bus
429 3462 497 3520 in
539 3461 674 3522 otio
716 3461 820 3524 vel
863 3461 1186 3541 magnifice
1229 3461 1332 3522 vel
1372 3461 1647 3522 molliter
1689 3463 1897 3545 vivere
1940 3460 2121 3541 copia
2164 3469 2317 3538 erat,

268 3555 510 3618 incerta
545 3579 661 3638 pro
697 3557 907 3635 certis,
941 3557 1178 3619 bellum
1216 3579 1402 3636 quam
1438 3579 1657 3637 pacem
1695 3531 2030 3619 mssffzbant.
2117 3557 2319 3618 Fuere

269 3650 422 3714 item
466 3673 544 3716 ea
592 3659 972 3735 tempestate
1017 3652 1126 3732 qui
1172 3653 1499 3716 crederent
1544 3655 1631 3720 M.
1672 3655 1981 3716 Licinium
2030 3655 2319 3716 Crassum
2354 3673 2417 3720 85

267 3769 398 3810 non
436 3749 723 3864 ignan
765 3751 906 3831 ejus
946 3750 1196 3810 consilii
1235 3751 1475 3828 fuisse3
1515 3750 1662 3832 quia
1704 3751 1819 3813 Cn.
1848 3751 2207 3829 Pompeius,
2232 3745 2322 3810 inss·

267 3846 446 3908 visus
501 3819 654 3928 iffi,
709 3863 1008 3926 mag-uum
1060 3845 1405 3907 exercitum
1458 3846 1779 3922 ductabat,
1834 3845 2112 3924 cujusvis
2164 3865 2320 3924 opes
