2775 4192
309 187 348 249 2
953 185 1009 237 c.
1042 184 1388 238 sums-m
1432 185 1651 261 omsrl
1692 183 1896 236 mma

409 345 559 408 belli
584 345 837 430 hahere,
865 347 1193 408 maximam
1234 348 1497 429 gloriam
1524 347 1592 408 in
1617 346 1890 408 maximo
1914 346 2179 428 imperio
2202 356 2446 429 putare,

409 457 547 505 tum
571 445 820 504 demum
845 443 1121 524 periculo
1142 456 1330 524 atque
1351 443 1625 525 negotiis
1652 451 2040 524 compertum
2065 452 2165 507 est
2191 447 2257 506 in
2283 445 2447 508 bello

407 542 739 622 plurimum
766 543 1087 622 ingenium
1121 562 1361 621 posse»
1411 541 1599 615 Quod
1634 542 1692 601 si
1726 561 1947 621 regum
1973 549 2166 621 atque
2190 542 2450 623 impera·

409 645 617 700 torum
657 640 844 700 animi
873 638 1071 699 virtus
1111 640 1180 698 in
1221 659 1373 719 paee
1402 638 1495 699 ita
1520 644 1595 699 ut
1631 638 1700 698 in
1739 637 1909 698 bello
1935 638 2196 717 valeret,
2222 660 2443 719 aequa·

345 753 378 800 δ
409 735 596 797 bilius
623 744 808 814 atque
837 736 1229 797 constantius
1255 755 1395 796 sese
1431 756 1534 796 res
1566 735 1870 796 humanae
1897 735 2219 814 haberent,
2246 757 2448 818 neque

411 832 579 894 aliud
619 832 746 893 alio
791 834 941 893 ferri
981 853 1187 912 neque
1228 833 1459 920 mutari
1500 853 1574 893 ac
1612 833 1859 894 misc'eri
1898 819 2103 894 omnia
2143 854 2445 897 cerneres.

409 930 576 992 Nam
619 929 944 1010 imperium
982 929 1171 992 facile
1214 931 1307 991 eis
1354 929 1591 991 artibus
1633 930 1957 1007 retinetur,
1998 930 2224 1010 quibus
2262 930 2448 993 initio

407 1035 653 1108 partum
682 1034 816 1105 est3
856 1048 1070 1088 verum
1096 1026 1206 1088 ubi
1240 1047 1354 1107 pro
1390 1027 1605 1090 labore
1630 1027 1893 1104 desidia,
1920 1048 2037 1107 pro
2062 1027 2449 1090 continentia

411 1133 478 1186 et
505 1126 826 1204 aequitate
851 1125 1049 1208 libido
1074 1133 1268 1205 atque
1306 1126 1602 1206 superbia
1641 1123 1950 1202 invasere,
1978 1125 2235 1186 fortuna
2261 1125 2447 1186 simul

313 1241 380 1292 ιο
411 1243 553 1284 cum
570 1221 841 1283 moribus
860 1223 1238 1284 immutatur.
1309 1223 1412 1282 Ita
1432 1221 1758 1302 imperium
1776 1241 2024 1302 semper
2041 1222 2123 1282 ad
2141 1221 2447 1302 optimum

409 1339 718 1400 quemque
745 1339 784 1379 a
809 1319 1016 1381 minus
1042 1321 1207 1380 bono
1233 1320 1620 1382 transfertur.
1657 1344 1701 1396 -J

531 1415 710 1490 Quae
736 1417 1018 1478 homines
1043 1423 1243 1493 arant,
1271 1417 1598 1497 navigant,
1625 1417 1970 1494 aedificant,
1994 1415 2210 1478 virtuti
2235 1417 2449 1478 omnia

407 1522 648 1596 parent.
731 1513 856 1575 Sed
901 1513 1080 1574 multi
1121 1514 1437 1591 moi-talea,
1479 1513 1680 1575 dediti
1724 1511 1931 1577 ventri
1972 1520 2164 1592 atque
2207 1533 2443 1591 somno,

408 1611 644 1673 indocti
688 1610 1050 1691 incultique,
1099 1613 1294 1672 vitam
1339 1610 1526 1671 sicuti
1580 1611 2053 1691 peregrinantes
2105 1611 2443 1674 transierez

315 1722 376 1772 15
409 1709 633 1789 quibus
672 1708 960 1787 profecto
1009 1715 1227 1770 contra
1274 1715 1559 1768 naturam
1608 1728 1833 1788 corpus
1873 1707 2203 1788 voluptati,
2242 1709 2446 1770 anima

407 1805 592 1885 oneri
621 1805 764 1868 fuit.
847 1805 1081 1868 Eorum
1121 1826 1242 1886 ego
1272 1805 1467 1868 vitam
1505 1813 1895 1884 mortemque
1931 1805 2118 1886 juxta
2156 1801 2445 1885 aestimo,

405 1905 695 1983 quonlam
734 1904 813 1963 de
852 1909 1113 1981 utraque
1152 1902 1387 1964 siletur.
1472 1903 1703 1964 Verum
1746 1902 2063 1964 enimvero
2102 1901 2159 1962 is
2196 1904 2445 1963 demum

408 2000 560 2060 mihi
599 1999 809 2061 vivere
851 2006 1040 2080 atque
1078 1998 1203 2059 frui
1242 2001 1451 2060 anima
1490 1999 1757 2079 videtur,
1786 2001 1894 2080 qui
1934 2000 2143 2080 aliquo
2184 1999 2444 2080 negotio

404 2098 687 2171 intentus
714 2097 1013 2179 praeclari
1052 2097 1344 2159 facinoris
1373 2105 1483 2158 aut
1512 2098 1667 2158 artis
1701 2100 1903 2160 bonae
1929 2100 2153 2160 famam
2174 2097 2443 2178 quaerit.

309 2211 376 2259 20
408 2195 531 2258 Sed
558 2195 626 2256 in
652 2217 882 2276 magna
908 2195 1089 2276 copia
1114 2217 1321 2256 rerum
1349 2194 1519 2257 aliud
1546 2196 1657 2256 alii
1682 2205 1909 2257 natura
1936 2197 2058 2258 iter
2082 2197 2381 2258 ostendit.

525 2293 644 2356 ΙΙΙ.
688 2293 1024 2354 Pulchrum
1051 2300 1152 2354 est
1176 2294 1335 2356 bene
1365 2295 1570 2356 facere
1596 2296 1685 2354 rei
1726 2293 2036 2373 publicae,
2064 2295 2253 2354 etiam
2282 2295 2443 2354 bene

407 2383 612 2452 dicere
653 2390 821 2451 haud
858 2391 1194 2452 absurdum
1222 2399 1351 2454 est:
1393 2391 1497 2453 vel
1524 2412 1678 2471 pace
1708 2389 1807 2454 vel
1833 2389 2000 2452 bello
2040 2389 2267 2451 clarum
2310 2389 2444 2451 fieri

405 2489 600 2564 licet3
641 2495 708 2549 et
747 2489 856 2567 qui
895 2489 1094 2549 fecere
1135 2494 1204 2548 et
1246 2489 1354 2567 qui
1398 2490 1567 2549 facta
1610 2488 1877 2549 aliorum.
1909 2481 2220 2567 'scripsere
2260 2485 2444 2548 multi

405 2587 755 2647 laudantur.
855 2584 953 2646 Ac
998 2584 1153 2645 mihi
1195 2585 1467 2664 quidem,
1510 2585 1766 2646 tametsi
1812 2584 2287 2665 haudquaquam
2333 2604 2443 2664 par

309 2693 373 2739 25
404 2681 606 2763 gloria
653 2681 933 2761 sequitur
977 2680 1343 2760 scriptorem
1393 2691 1460 2742 et
1512 2689 1785 2744 actorem
1840 2702 2063 2759 rerum,
2112 2690 2326 2742 tamen
2370 2682 2443 2752 ‚in

405 2778 618 2859 primis
657 2780 914 2839 arduum
941 2777 1192 2839 videtur
1231 2799 1330 2838 res
1370 2785 1588 2860 gestas
1628 2778 1926 2841 scribere:
1968 2780 2234 2858 primum
2272 2777 2445 2857 quod

405 2878 574 2936 facta
615 2877 803 2936 dictis
846 2863 1250 2954 exaequanda
1292 2883 1463 2952 sunt,
1504 2875 1732 2937 dehinc
1769 2875 1919 2955 quia
1962 2875 2237 2955 plerique
2284 2894 2444 2953 quae

405 2972 636 3037 delicta
662 2971 1132 3054 reprehenderis
1172 2972 1613 3034 malevolentia
1640 2980 1706 3033 et
1732 2973 1971 3032 invidia
1998 2973 2170 3032 dicta
2195 2977 2443 3050 putant,

405 3071 514 3133 ubi
540 3073 620 3133 de
646 3091 872 3151 magna
899 3069 1132 3130 virtute
1161 3077 1350 3148 atque
1377 3069 1577 3150 gloria
1604 3070 1905 3130 bonorum
1934 3089 2255 3145 memores,
2283 3088 2444 3147 quae

309 3183 375 3231 80
407 3169 528 3228 sibi
554 3169 812 3247 quisque
837 3166 1046 3228 facilia
1071 3166 1245 3226 factu
1271 3173 1457 3245 putat
1496 3186 1697 3245 aequo
1736 3165 1947 3225 animo
1976 3163 2224 3245 accipit,
2253 3184 2445 3244 supra

407 3285 484 3325 ea
509 3264 706 3325 veluti
733 3265 873 3325 ficta
899 3285 1012 3344 pro
1039 3262 1219 3324 falsis
1247 3264 1439 3325 ducit.

529 3361 654 3423 Sed
682 3382 802 3442 ego
833 3361 1337 3422 adulescentulus
1376 3361 1559 3421 initio
1600 3359 1787 3422 sicuti
1821 3358 2099 3440 plerique
2126 3359 2339 3421 studio
2364 3359 2445 3419 ad

409 3479 538 3520 rem
576 3457 889 3539 publicam
927 3457 1092 3518 latus
1133 3477 1290 3533 sum,
1321 3459 1534 3537 ibique
1560 3457 1716 3519 mihi
1744 3458 1940 3518 multa
1966 3458 2226 3519 adversa
2253 3457 2444 3518 fuere.

410 3555 574 3616 Nam
603 3575 716 3634 pro
741 3555 997 3634 pudore,
1025 3574 1138 3632 pro
1167 3554 1573 3631 abstinentia,
1598 3575 1714 3634 pro
1741 3555 1999 3632 virtute,
2028 3552 2303 3629 audacia,
2335 3552 2449 3613 lar·

312 3670 376 3718 85
409 3651 591 3734 gitio,
611 3653 869 3711 avaritia
885 3651 1204 3730 vigebant.
1250 3648 1429 3724 Quae
1452 3653 1704 3712 tametsi
1722 3652 1964 3712 animus
1978 3651 2445 3731 aspernabatur,

410 3749 684 3809 insolens
711 3747 1009 3806 malarum
1037 3746 1281 3821 artium,
1310 3751 1523 3806 tamen
1548 3747 1714 3808 inter
1742 3753 1919 3807 tanta
1945 3747 2102 3807 vitia
2142 3744 2447 3808 imbecilla

411 3851 589 3906 aetas
615 3841 953 3903 ambitione
993 3846 1286 3918 corrupta
1323 3840 1689 3902 tenebatur:
1732 3861 1807 3902 ac
1835 3862 1952 3920 me,
1978 3862 2169 3921 quum
2196 3844 2277 3904 ab
2312 3839 2451 3902 reli-
