2775 4192
325 173 409 234 24
903 171 956 222 c.
995 170 1345 224 saumsm
1388 171 1606 236 carsm
1648 173 1857 226 unns
1900 180 1911 188 ·

423 333 664 394 occulte
692 340 948 413 pontem
976 335 1290 397 obsidunt.
1375 335 1717 414 Postquam
1746 338 1828 397 ad
1853 337 1921 397 id
1946 337 2070 401 loci
2096 337 2293 420 legati
2318 361 2460 402 cum

423 431 751 492 Volturcio
793 453 1020 494 venere
1065 441 1132 493 et
1181 431 1366 492 simul
1412 432 1723 512 utrimque
1768 433 1999 494 clamor
2042 444 2298 499 exortus
2340 447 2461 514 est,

424 527 614 606 Galli,
643 527 772 588 cito
799 528 1058 608 cognito
1097 527 1376 605 consili0,
1406 530 1543 590 sine
1584 549 1756 590 mora
1800 531 2186 609 praetoribus
2226 555 2297 596 se
2334 543 2463 596 tra-

422 624 601 687 dunt.
701 624 1066 685 Volturcius
1108 626 1310 704 primo
1352 625 1716 686 cohortatus
1760 631 2001 688 cet-eros
2048 629 2264 710 gladio
2308 653 2379 693 se
2422 654 2463 693 a.

241 717 246 722 ’
361 737 391 783 5
422 721 828 785 multitudine
869 721 1193 798 defendit3
1239 723 1467 784 deinde
1508 723 1620 782 ubi
1662 743 1699 782 a
1740 719 1975 801 legatis
2015 726 2301 788 desei-tus
2340 737 2461 805 est,

421 820 621 880 multa
647 819 820 899 prius
846 820 927 881 de
969 818 1170 880 salute
1213 840 1326 880 sua
1367 819 1771 898 Pomptinum
1798 822 2175 900 obtestatus,
2204 826 2377 904 quod
2402 826 2463 887 ei

423 925 612 980 notus
642 925 796 994 erat,
815 924 1134 997 postremo
1160 916 1421 978 timidus
1450 937 1525 976 ac
1552 915 1725 978 vitae
1754 916 2040 979 diffidens
2067 920 2242 982 velut
2270 922 2463 984 hosti-

422 1016 540 1078 bus
565 1035 702 1076 sese
728 1014 1120 1094 praetoribus
1147 1013 1340 1076 dedit.

543 1113 776 1176 XLVI.
820 1111 1066 1188 Quibus
1093 1112 1280 1172 rebus
1305 1111 1627 1188 confectis,
1656 1114 1863 1174 omnia
1888 1133 2153 1194 propere
2180 1137 2293 1196 per
2310 1138 2465 1179 nun·

330 1227 395 1278 ιο
425 1211 550 1272 tios
575 1211 819 1272 consuli
843 1209 1250 1272 declarantur.
1339 1210 1433 1269 At
1470 1208 1647 1270 illum
1686 1211 1911 1290 ingens
1948 1232 2099 1274 cura
2126 1219 2318 1292 atque
2344 1213 2465 1275 lae·

423 1309 568 1371 titia
615 1309 800 1371 simul
845 1328 1266 1387 occupavere:
1308 1328 1453 1368 nam
1497 1307 1852 1368 laetabatur
1898 1308 2274 1396 intellegens
2317 1333 2463 1400 con-

422 1408 737 1488 juratione
757 1406 1080 1486 patefacta
1103 1405 1426 1466 civitatem
1448 1403 2044 1486 periculi-gereptam
2062 1427 2234 1485 esse3
2276 1425 2463 1488 porro

423 1511 638 1566 autem
663 1503 886 1564 anxius
917 1487 1070 1579 erat,
1101 1501 1401 1563 dubitans
1428 1500 1496 1562 in
1522 1501 1792 1563 maximo
1818 1503 2069 1582 scelere,
2090 1505 2288 1566 tantis
2316 1506 2463 1568 civi-

425 1602 542 1664 bus
585 1600 1010 1684 deprehensis,
1041 1601 1194 1679 quid
1241 1592 1418 1678 fact&
1462 1619 1621 1678 opus
1666 1608 1869 1684 esset3
1909 1621 2177 1678 poenam
2216 1601 2464 1663 illorum

331 1707 394 1756 15
427 1699 547 1760 sibi
575 1698 770 1773 oneri,
801 1699 1244 1777 impunitatem
1271 1698 1629 1778 perdendae
1657 1697 1749 1758 rei
1788 1683 2230 1777 publicae'fore
2257 1701 2467 1762 erede-

426 1796 554 1856 bat.
639 1795 848 1874 Igitur
873 1795 1236 1856 confirmato
1255 1797 1465 1856 animo
1492 1794 1702 1855 vocari
1728 1796 1808 1855 ad
1834 1816 1973 1881 sese
2011 1795 2192 1875 jubet
2232 1796 2465 1858 Lentu-

425 1892 575 1967 lum,
623 1890 996 1972 Cethegum,
1043 1891 1381 1970 Statilium,
1426 1891 1786 1967 Gabinium,
1836 1891 2109 1971 itemque
2152 1894 2465 1974 quendam

427 1990 796 2072 Caeparium
838 1991 1360 2066 Tarracinensem,
1392 1988 1501 2070 qui
1541 1987 1608 2048 in
1634 1987 1931 2067 Apuliam
1970 1990 2052 2050 ad
2092 1991 2467 2086 concitanda

427 2088 685 2149 servitia
712 2088 1016 2168 proficisci
1043 2088 1320 2167 parabat.

331 2194 399 2244 20
550 2185 761 2248 Ceteri
791 2186 926 2246 sine
953 2205 1126 2246 mora
1155 2184 1455 2262 veniunt3
1496 2183 1855 2264 Caeparius,
1886 2183 2071 2264 paulo
2099 2191 2249 2246 ante
2274 2186 2533 2246 domo

431 2303 742 2363 egressus,
757 2270 1012 2362 cognito
1038 2281 1268 2344 indicio
1295 2301 1378 2341 ex
1403 2282 1557 2343 urbe
1576 2283 1963 2362 profugerat.
2048 2273 2285 2344 Consul
2306 2282 2465 2344 Len·

430 2382 636 2441 tulum
663 2380 828 2459 quod
855 2389 1108 2459 praetor
1133 2385 1272 2440 erat
1311 2379 1451 2458 ipse
1494 2399 1683 2452 manu
1724 2386 1951 2440 tenens
1994 2379 2300 2458 perducit,
2330 2379 2468 2440 reli·

432 2497 590 2556 quos
635 2498 776 2538 cum
819 2477 1178 2538 custodibus
1220 2477 1288 2536 in
1328 2477 1553 2537 aedem
1596 2463 1977 2537 Concordiae
2015 2475 2227 2537 venire
2266 2475 2466 2556 jubet.

433 2573 530 2635 Εο
573 2581 858 2635 senatum
905 2575 1192 2652 advocat,
1242 2592 1594 2653 magnaque
1647 2573 1995 2653 frequentia
2053 2571 2191 2651 ejus
2238 2572 2471 2633 ordinis

335 2675 399 2724 26
433 2670 827 2732 Volturcium
871 2692 1011 2732 cum
1062 2671 1293 2751 legatis
1342 2668 1719 2746 introducit,
1774 2668 2069 2730 Flaccum
2115 2675 2471 2748 praetorem

434 2768 730 2828 scrinium
759 2789 896 2828 cum
924 2768 1174 2846 litteris,
1195 2789 1350 2848 quas
1392 2789 1431 2828 a
1471 2765 1703 2847 legatis
1744 2771 2087 2845 acceperat,
2118 2767 2337 2846 eodem
2350 2767 2472 2826 ··ad

435 2866 596 2925 ferre
617 2867 814 2945 jubet.

554 2961 821 3024 XLVII.
865 2960 1231 3026 Volturcius
1259 2961 1685 3044 interrogatus
1728 2963 1809 3024 de
1836 2960 2084 3038 itinere,
2115 2962 2193 3021 de
2220 2959 2473 3036 litteris,
2538 3023 2545 3029 ,

434 3067 752 3139 postremo
777 3062 948 3148 quid,
979 3069 1090 3122 aut
1116 3081 1239 3140 qua
1265 3062 1344 3122 de
1385 3082 1594 3139 causa,
1624 3059 1867 3122 consilii
1907 3059 2251 3137 habuisset,
2272 3057 2475 3137 primo

338 3166 403 3214 80
437 3157 669 3236 fingere
711 3157 856 3235 alia,
904 3156 1290 3218 dissimulare
1333 3158 1416 3217 de
1466 3156 1926 3236 conjuratione3
1982 3162 2149 3236 post,
2196 3154 2307 3214 ubi
2353 3155 2474 3217 fide

436 3253 686 3337 publica
733 3255 942 3314 dicere
988 3255 1199 3334 jussus
1243 3259 1361 3328 est,
1408 3253 1616 3314 omnia
1658 3255 1757 3313 uti
1799 3260 1985 3334 gesta
2028 3260 2209 3314 erant
2249 3253 2477 3331 aperit,

436 3351 742 3428 docetque
791 3371 880 3428 se,
921 3350 1142 3431 paucis
1187 3357 1338 3411 ante
1385 3349 1609 3411 diebus
1652 3371 1691 3410 a
1740 3348 2011 3411 Gabinio
2060 3358 2127 3410 et
2172 3348 2477 3428 Caepario

437 3449 673 3508 socium
715 3447 1043 3524 adscitum,
1073 3447 1228 3508 nihil
1270 3446 1543 3526 amplius
1584 3448 1741 3508 scire
1786 3467 1973 3526 quam
2014 3447 2306 3526 legato„
2344 3452 2482 3505 tan-

437 3551 570 3605 tum
614 3545 800 3606 modo
843 3545 1058 3606 audire
1104 3544 1356 3605 solitum
1402 3546 1483 3606 ex
1521 3543 1789 3605 Gabinio
1817 3543 1889 3604 P.
1920 3539 2319 3620 Autronium,
2346 3541 2477 3605 Ser.

342 3657 407 3706 86
439 3641 696 3719 Sullam,
724 3641 794 3704 L.
825 3641 1304 3721 Vargunteium,
1337 3641 1567 3702 multos
1608 3646 1933 3720 praeterea
1974 3640 2041 3699 in
2082 3661 2159 3700 ea
2198 3638 2480 3719 conjura-

441 3738 613 3800 tione
655 3759 810 3801 esse.
895 3738 1130 3798 Eadem
1173 3737 1340 3798 Galli
1385 3739 1683 3813 fatentur,
1726 3757 1799 3796 ac
1840 3736 2177 3817 Lentulum
2206 3736 2485 3798 dissimu-

441 3833 680 3897 lantem
727 3839 1077 3914 coarguunt
1122 3839 1372 3912 praeter
1418 3833 1665 3918 litteras
1712 3806 2149 3910 sermonibus}
2170 3853 2327 3912 quos
2376 3833 2483 3895 ille
