2775 4192
309 189 348 248 Β
955 180 1012 234 c.
1049 177 1396 230 sumsm
1442 175 1657 252 cmsm
1699 173 1904 226 mssa

526 345 706 409 XIV.
749 346 829 406 In
870 351 1056 405 tanta
1094 350 1353 422 tamque
1399 345 1695 418 corrupta
1740 336 2004 399 civitate
2050 271 2527 420 Caffilinafi-{E
2558 289 2597 313 υ

408 447 577 526 quod
602 419 780 505 fssgt'u
807 441 1171 503 facillimum
1199 445 1359 516 erat,
1384 439 1656 498 omnium
1682 434 2063 515 flagitiorum
2090 439 2285 511 atque
2310 431 2459 492 faci-

407 562 628 603 norum
667 543 892 602 circum
939 559 1008 600 se
1053 544 1374 615 tamquam
1415 535 1793 613 stipatorum
1834 537 2118 595 catervas
2164 529 2459 591 habebat.

409 639 576 700 Nam
627 639 1004 716 quicumque
1051 634 1422 713 impudicuS,
1472 629 1737 705 adulter,
1784 642 1992 708 ganeo
2040 627 2207 699 bona
2252 625 2461 705 patria
2558 617 2627 704 ‘L

344 751 377 799 ὅ
409 737 808 811 laceraverat,
857 732 1092 812 quique
1141 731 1428 842 alienur}
1462 748 1569 788 aes
1618 727 1858 806 grande
1909 725 2285 786 conflaverat
2334 679 2569 803 quq-³¹7

409 832 718 912 flagitium
757 837 868 891 aut
907 828 1150 889 facinus
1188 801 1541 901 rfflgret,
1571 829 1903 902 praeterea
1928 843 2146 882 omnes
2187 821 2462 912 undique

409 928 774 1012 parricidae,
805 924 1108 1004 sacrilegi,
1135 921 1406 984 convicti
1444 920 1697 1002 'ludiQssiS
1738 927 1851 979 aut
1877 938 1993 999 pro
2020 916 2209 979 factis
2246 915 2465 996 judici-

409 1047 516 1086 um
569 1022 884 1098 timentes,
929 1023 1012 1082 ad
1051 1021 1169 1082 hoc
1216 1038 1376 1104 quos
1417 1037 1639 1086 manus
1682 1025 1874 1095 atque
1921 1016 2145 1096 lingua
2182 1011 2463 1094 perjurio

411 1132 524 1183 aut
554 1123 858 1202 sanguine
885 1117 1056 1181 civili
1095 1117 1324 1198 alebat,
1353 1121 1674 1197 postremo
1700 1133 1918 1174 omnes
1945 1133 2103 1192 quos
2130 1110 2459 1190 flagitium,

317 1228 382 1278 10
411 1226 686 1298 egestas,
713 1215 1000 1278 conscius
1039 1215 1288 1274 animus
1327 1211 1719 1291 exagitabat,
1746 1211 1807 1270 ei
1834 1209 2151 1272 Catilinae
2192 1208 2465 1287 proximi

409 1316 864 1395 familiaresque
891 1323 1092 1376 erant:
1111 1297 1128 1366 l
1171 1311 1356 1386 Quod
1381 1311 1440 1372 si
1466 1309 1607 1388 quis
1634 1310 1825 1370 etiam
1852 1331 1891 1370 a
1918 1308 2104 1388 culpa
2129 1327 2367 1369 vacuus
2394 1306 2464 1394 in

413 1415 748 1478 amicitiam
801 1413 941 1492 ejus
994 1412 1321 1487 inciderat,
1369 1410 1695 1470 cotidiano
1740 1429 1864 1469 usu
1918 1415 2111 1487 atque
2157 1405 2465 1466 illecebris

411 1511 592 1574 facile
646 1532 761 1590 par
813 1509 1160 1587 similisque
1215 1507 1445 1569 ceteris
1499 1505 1901 1568 efficiebatur.
2008 1505 2139 1566 Sed
2192 1503 2463 1564 maxime

413 1607 908 1670 adulescentium
932 1604 1396 1667 familiaritates
1423 1603 1799 1684 appetebat:
1844 1623 2064 1664 eorum
2100 1601 2292 1660 animi
2318 1599 2467 1661 mol·

321 1717 381 1764 15
413 1704 508 1766 les
535 1711 747 1766 aetate
775 1709 842 1764 et
868 1693 1020 1763 flu'xi
1048 1699 1210 1762 dolis
1236 1701 1407 1761 haud
1435 1699 1764 1761 difficulter
1788 1700 2214 1780 capiebantur.
2297 1697 2464 1759 Nam

414 1807 490 1860 ut
513 1801 811 1881 cujusque
840 1799 1118 1860 studium
1147 1818 1229 1858 ex
1269 1802 1481 1858 aetate
1516 1797 1845 1875 flagrabat,
1876 1796 2015 1856 aliis
2056 1801 2265 1856 scorta
2288 1814 2465 1874 prae·

414 1899 582 1973 bere,
631 1896 774 1956 aliis
821 1915 1008 1957 canes
1057 1903 1248 1973 atque
1303 1914 1500 1972 equos
1548 1895 1833 1970 mercari,
1870 1900 2205 2004 postremo
2258 1913 2466 1971 neque

416 1993 692 2073 sumptui
719 2014 921 2073 neque
947 1992 1295 2069 modestiae
1335 2013 1487 2052 suae
1512 1959 1861 2072 parcereff'l
1996 1989 2137 2050 illos
2158 1989 2466 2051 obnoxios

416 2091 693 2170 fidosque
721 2091 841 2151 sibi
865 2058 1126 2179 ἕᾳῖἷέιγθξ.
1161 2059 1358 2152 “lisoio
1398 2091 1595 2152 fuisse
1636 2089 1971 2151 nonnullos
2000 2087 2109 2168 qui
2134 2089 2227 2148 ita
2254 2087 2469 2148 existi—

319 2204 386 2254 20
416 2196 678 2264 max-ent,
705 2186 1122 2265 juventutem,
1149 2206 1310 2266 quae
1351 2187 1604 2246 domum
1646 2186 1959 2248 Catilinae
2001 2187 2463 2265 frequentabat,

417 2303 631 2363 parum
679 2283 942 2343 honeste
989 2283 1359 2362 pudicitiam
1407 2283 1699 2345 habuisse
1731 2304 1749 2358 3
1806 2284 1923 2344 sed
1969 2303 2049 2344 ex
2096 2282 2237 2344 aliis
2282 2284 2468 2343 rebus

418 2382 639 2460 magis,
669 2399 855 2458 quam
883 2380 1050 2458 quod
1079 2351 1366 2459 ctiiqtiaffn
1392 2380 1457 2440 id
1484 2347 1873 2457 oomffiss‘fflffn
1902 2382 2087 2457 foret,
2114 2380 2272 2440 haee
2297 2379 2469 2440 fama

420 2476 690 2539 valebat.
751 2497 774 2536 ·.
1235 2481 1240 2488 '
2426 2513 2429 2515 Α

541 2572 686 2635 XV.
768 2572 812 2633 J
812 2593 908 2632 am
938 2572 1206 2653 primum
1249 2571 1615 2635 adulescens
1657 2571 1931 2634 Catilina
1971 2572 2171 2634 multa
2198 2521 2521 2652 ὥς

322 2680 386 2730 25
421 2677 640 2750 stupra
678 2670 932 2746 fecerat,
963 2690 1104 2729 cum
1142 2669 1382 2749 virgine
1423 2669 1637 2746 nobili,
1669 2690 1812 2731 cum
1854 2671 2183 2731 sacerdote
2211 2669 2470 2744 Vestae,

421 2765 545 2828 alia
591 2763 850 2844 hujusce
901 2765 1069 2826 modi
1117 2773 1334 2826 contra
1382 2765 1485 2844 jus
1512 2767 1771 2848 tesqua.
1872 2765 2205 2827 Postremo
2250 2771 2473 2843 captus

423 2861 632 2924 amore
658 2859 951 2924 Aureliae
992 2861 1347 2940 Orestillae,
1376 2861 1557 2942 cujus
1584 2868 1842 2941 praeter
1874 2862 2141 2948 formam
2178 2860 2335 2920 nihil
2362 2881 2473 2920 un-

424 2977 610 3040 quam
639 2957 839 3020 bonus
865 2957 1168 3034 laudavit,
1199 2959 1365 3038 quod
1394 2979 1469 3020 ea
1494 2923 1869 3046 numdi-415,
1864 2952 2215 3018 “dubitabat
2242 2953 2473 3019 timens

424 3055 776 3136 privignum
819 3053 1100 3116 adultum
1141 3062 1372 3131 aetate,
1406 3075 1519 3134 pro
1546 3061 1723 3115 certo
1764 3054 2042 3114 ereditur
2080 3060 2306 3114 necato
2346 3053 2475 3116 filio

214 3167 264 3246 ‘s'
329 3167 396 3218 80
428 3171 684 3214 vacuam
711 3151 959 3212 domum
987 3149 1268 3212 scelestis
1296 3151 1539 3229 nuptiis
1560 3149 1802 3210 fecisse.
1887 3147 2067 3223 Quae
2094 3151 2347 3230 quidem
2374 3172 2477 3212 res

429 3245 581 3308 mibi
622 3247 687 3306 in
731 3245 944 3326 primis
987 3246 1238 3308 videtur
1279 3265 1471 3306 causa
1513 3244 1709 3305 fuisse
1756 3245 2054 3306 facinoris
2102 3249 2474 3310 maturandi.

143 3374 151 3393 κ
220 3380 258 3443 N
431 3341 718 3422 Namque
746 3341 986 3404 animus
1013 3339 1315 3422 impnrm,
1346 3342 1481 3403 deis
1522 3341 2003 3420 hominibusque
2044 3343 2345 3420 infestus,
2370 3364 2477 3404 ne-

231 3445 242 3458 '
431 3457 551 3520 que
579 3437 812 3518 vigiliis
839 3457 1044 3518 neque
1071 3437 1392 3518 quietibus
1420 3437 1629 3500 sedari
1654 3445 1938 3518 poterat:
1982 3437 2075 3499 ita
2102 3439 2481 3500 conscientia

433 3541 700 3596 mentem
723 3533 987 3596 excitam
1010 3534 1314 3598 vastabat.
1400 3533 1607 3614 Igitur
1634 3535 1807 3598 colos
1836 3534 1897 3595 ei
1922 3538 2287 3616 exsanguis,
2314 3534 2481 3598 foedi

334 3641 398 3694 8⁸
433 3627 615 3706 oculi,
645 3627 808 3692 citus
834 3630 1020 3692 modo
1059 3631 1248 3693 modo
1287 3629 1507 3692 tardus
1548 3629 1867 3694 incessus:
1910 3651 2166 3711 prorsus
2207 3632 2277 3690 in
2314 3631 2482 3692 facie

432 3725 732 3806 vultuque
761 3726 1047 3792 vecordia
1073 3727 1294 3791 inerat.

553 3821 733 3888 XVI.
779 3821 906 3886 Sed
943 3822 1362 3908 juventutem,
1387 3843 1597 3910 quam,
1626 3831 1699 3896 ut
1726 3843 1914 3916 supra
1940 3823 2239 3913 diximus,
2268 3824 2483 3888 illexe-
