2775 4192
741 212 830 262 DE
874 210 1237 262 CATILINAE
1281 209 1811 264 OONJURA'I'IONR.
2312 213 2391 276 39

247 375 419 438 Nam
447 375 582 437 fere
624 395 806 454 quem
851 374 1113 454 quisque
1159 373 1338 437 vivus
1387 374 1731 454 pugnando
1774 373 1978 434 locum
2020 381 2295 454 ceperat,

249 493 394 533 eum
435 471 666 532 amissa
708 472 916 532 anima
959 491 1218 550 corpore
1261 471 1543 551 tegebat.
1627 469 1822 548 Pauci
1862 477 2098 547 autem,
2138 491 2295 552 quos

247 569 492 631 medios
547 568 770 629 cohors
809 568 1127 647 praetoria
1176 568 1532 650 disjecerat,
1584 568 1771 646 paulo
1818 566 2141 644 diversius,
2183 569 2297 629 sed

249 666 1069 750 QPEefl-jamenzadg-ersis-
1098 665 1460 726 vulneribus
1505 663 1927 726 conciderant.
1974 663 1981 672 ’
2028 665 2297 727 Catilina

247 784 400 825 vero
456 762 647 843 longe
693 783 732 822 a
779 763 907 822 suis
953 764 1120 823 inter
1143 747 1447 822 'host-ium
1496 763 1797 823 cadavera
1844 769 2128 842 repertus
2177 771 2295 842 est,
2364 777 2397 825 δ

246 859 570 940 paululum
601 858 789 919 etiam
818 859 1062 938 spirans
1089 860 1507 938 ferociamque
1537 858 1751 936 animi,
1780 878 1966 939 quam
1992 860 2296 921 habuerat

246 959 453 1033 vivus,
481 957 548 1016 in
579 955 759 1016 vultu
787 955 1084 1016 retinens.
1168 955 1497 1018 Postremo
1540 975 1621 1016 ex
1664 957 1835 1016 omni
1875 955 2054 1036 copia
2092 977 2295 1037 neque

246 1053 316 1114 in
341 1053 581 1134 proelio
608 1073 813 1132 neque
857 1054 927 1113 in
970 1053 1122 1133 fuga
1169 1052 1493 1132 quisquam
1542 1053 1695 1114 civis
1735 1051 2047 1133 ingenuus
2074 1060 2296 1133 captus

248 1159 350 1212 cst
377 1172 393 1213 ε
435 1153 530 1210 ita
556 1150 766 1212 cuncti
794 1170 948 1211 suae
976 1151 1376 1230 hostiumque
1406 1149 1577 1211 vit-ae
1601 1151 1781 1231 juxta
1807 1158 2233 1230 pepercerant.

373 1245 598 1326 Neque
625 1252 837 1306 tamen
882 1246 1196 1306 exercitus
1238 1245 1464 1324 populi
1490 1243 1755 1304 Romani
1795 1245 2027 1306 laetam
2068 1252 2180 1306 aut
2207 1245 2295 1307 in·
2334 1259 2397 1306 10

248 1349 574 1404 cruentam
595 1341 916 1403 victoriam
948 1343 1216 1421 adeptus
1248 1349 1425 1417 erat3
1468 1363 1608 1402 nam
1638 1341 2105 1402 strenuissimus
2131 1343 2296 1422 quis·

248 1462 372 1522 que
401 1449 514 1500 aut
554 1439 870 1502 occiderat
913 1441 979 1500 in
1024 1439 1262 1517 proelio
1311 1449 1423 1500 aut
1467 1439 1749 1519 graviter
1774 1440 2136 1500 vulneratus
2178 1441 2298 1500 dis-

249 1545 545 1601 cesserat.
629 1536 818 1597 Multi
847 1544 1079 1615 autem,
1112 1539 1219 1616 qui
1249 1559 1285 1598 e
1313 1535 1534 1598 castris
1562 1535 1805 1598 visendi
1846 1544 1957 1597 aut
1985 1536 2296 1616 spoliandi

249 1637 460 1718 gratia
507 1643 960 1716 processerant,
1001 1635 1332 1698 volventes
1373 1633 1627 1694 hostilia
1674 1636 1995 1710 cadavera,
2030 1635 2295 1714 amicum

250 1733 382 1811 alii,
407 1753 558 1814 pars
582 1733 898 1818 hgsp-ijzgm
940 1739 1050 1793 aut
1093 1738 1436 1812 cog-natum
1462 1731 1903 1810 reperiebant3
1944 1731 2116 1791 fuere
2144 1733 2295 1790 item
2337 1742 2395 1788 15

250 1833 363 1913 qui
405 1831 690 1892 inimicos
720 1851 865 1892 suos
895 1835 1368 1910 cognoscerent.
1456 1828 1559 1888 Ita
1587 1830 1755 1888 varie
1782 1849 1895 1908 per
1922 1847 2167 1888 omnem
2196 1849 2301 1888 ex-

251 1931 519 1994 ercitum
547 1927 812 2008 laetitia,
840 1946 1102 2006 maeror,
1130 1927 1338 1988 luctus
1365 1932 1555 2009 atque
1584 1927 1817 2006 gaudia
1844 1923 2267 2005 agitabantur.
