2775 4192
809 167 898 220 DE
939 166 1302 220 CATILINAE
1345 165 1875 219 communest.
2380 166 2461 228 35

325 353 514 414 quam
540 331 744 396 videri
781 331 985 393 bonus
1013 330 1332 408 malebat3
1369 330 1485 410 ita,
1514 351 1640 412 quo
1684 329 1891 392 minus
1930 330 2195 412 petebat
2234 328 2369 411 glo·

323 433 501 504 riam,
529 451 607 492 eo
633 430 842 510 magis
867 429 1038 488 illum
1066 430 1463 508 sequebatur.

347 501 421 600 κῘ
424 523 436 532 ‘
445 527 582 592 LV.
623 528 988 608 Postquam,
1019 533 1092 586 ut
1131 525 1288 604 dixi,
1315 533 1575 587 senatus
1600 523 1669 586 in
1698 522 1959 586 Catonis
1986 526 2371 586 sententiam

325 625 635 703 discessit,
657 624 890 701 consul,
913 624 1217 704 optimum
1243 625 1413 684 factu
1439 631 1615 684 ratus
1634 628 1883 684 noctem
1902 643 2064 703 quae
2088 623 2371 686 instabat

325 731 721 802 antecapere,
749 743 832 784 ne
859 723 1008 802 quid
1038 743 1114 782 eo
1141 723 1352 801 spatio
1392 729 1747 798 novaretur,
1778 723 2076 782 tresviros
2102 741 2263 799 quae
2290 721 2369 782 ad
2436 730 2469 778 δ

325 822 703 902 supplicium
743 821 1110 910 postulabat
1148 840 1368 900 parare
1408 818 1635 898 jubet3
1682 820 1841 899 ipse,
1880 818 2207 900 praesidiis
2247 819 2371 880 dis·

323 917 570 1000 positis,
593 917 933 980 Lentulum
963 918 1032 978 in
1058 937 1362 980 carcerem
1383 917 1679 995 deducit;
1720 917 1887 977 idem
1907 919 1979 978 fit
2005 918 2231 978 ceteris
2256 937 2372 996 per

323 1024 669 1098 praetores.
751 1015 874 1076 Est
909 1014 978 1076 in
1015 1035 1258 1078 carcere
1293 1014 1471 1078 locus
1502 1015 1671 1095 quod
1706 1012 2059 1076 Tullianum
2096 1015 2367 1094 appella-

324 1123 449 1191 tur,
465 1115 580 1176 ubi
605 1113 926 1194 paululum
943 1112 1340 1176 descenderis
1365 1113 1451 1174 ad
1475 1113 1741 1192 laevam,
1762 1112 2009 1192 circiter
2034 1113 2367 1174 duodecim

323 1214 521 1293 pedes
569 1211 742 1272 humi
788 1212 1140 1296 depressus.
1223 1209 1391 1272 Eum
1430 1208 1723 1273 muniunt
1765 1211 2047 1292 undique
2091 1211 2367 1290 parietes
2405 1219 2468 1268 10

327 1317 519 1388 atque
531 1309 796 1388 ¹iusuper
805 1298 1047 1382 camera
1066 1305 1332 1387 lapideis
1350 1306 1691 1369 fornicibus
1716 1307 1954 1388 juncta,
1972 1309 2087 1370 sed
2106 1306 2369 1385 incultu,

325 1407 625 1485 tenebris,
653 1408 866 1486 odore,
893 1407 1094 1492 foeda
1111 1411 1302 1486 atque
1329 1403 1631 1489 terribilis
1672 1405 1817 1486 ejus
1848 1405 2050 1468 facies
2089 1413 2209 1469 est.
2292 1405 2369 1466 In

247 1555 259 1564 ,
326 1527 472 1568 eum
491 1506 698 1566 locum
716 1512 1052 1585 postquam
1069 1503 1376 1566 demissus
1398 1509 1497 1564 est
1514 1503 1839 1582 Lentulus,
1861 1505 2144 1566 vindices
2162 1525 2367 1565 rerum

325 1605 689 1686 capitalium
713 1602 940 1683 quibus
968 1610 1378 1683 praeceptum
1419 1609 1557 1664 erat
1594 1602 1819 1682 laqueo
1858 1603 2072 1682 gulam
2100 1603 2365 1682 fregere.

326 1704 432 1764 Ita
457 1702 564 1765 ille
581 1703 896 1782 ,patricius
921 1722 1004 1762 ex
1027 1683 1222 1781 gente
1249 1699 1589 1762 clarissima
1618 1700 2065 1780 Corneliorum,
2092 1702 2203 1781 qui
2228 1721 2371 1776 Q
2404 1711 2468 1759 ιδ

319 1799 532 1884 ἓ-ῴζο
571 1799 902 1881 imperium
940 1799 1180 1862 Romae
1218 1798 1543 1876 habuerat,
1572 1800 1833 1880 dignum
1860 1800 2135 1861 moribus
2162 1800 2369 1860 factis·

325 1920 451 1980 que
479 1900 608 1960 suis
635 1899 900 1960 exitium
927 1899 1102 1958 vitae
1141 1895 1403 1980 invenit.
1484 1897 1583 1958 De
1612 1897 1917 1979 Cethego,
1946 1898 2221 1976 Statilio,
2248 1897 2371 1960 Ga-

326 1997 518 2073 binio,
550 1997 876 2077 CaepariO,
897 1996 1120 2058 eodem
1149 1996 1334 2058 modo
1361 1996 1732 2077 supplicium
1760 2004 2081 2079 sumptum
2110 2003 2227 2058 est.
2292 2019 2322 2054 >=

449 2096 620 2158 LVI.
665 2097 834 2156 Dum
861 2116 939 2158 ea
959 2096 1198 2158 Romae
1223 2104 1549 2176 geruntur,
1576 2097 1851 2159 Catilina
1881 2119 1963 2158 ex
1990 2099 2161 2159 omni
2188 2097 2368 2176 copia

327 2213 515 2274 quam
543 2194 777 2274 etipse
797 2195 1144 2255 adduxerat
1169 2202 1238 2256 et
1263 2193 1535 2255 Manlius
1562 2193 1884 2274 habuerat,
1906 2197 2061 2256 duas
2086 2193 2371 2275 legiones
2402 2202 2470 2252 20

327 2291 625 2370 instituit,
667 2292 958 2354 cohortes
979 2313 1120 2374 pro·
1133 2311 1425 2376 *numero*
1449 2292 1719 2355 militum
1761 2292 2035 2373 complet
2059 2311 2078 2368 ς
2120 2293 2367 2366 deinde,

325 2398 400 2451 ut
448 2389 718 2470 quisque
762 2390 1154 2452 voluntarius
1203 2399 1314 2451 aut
1361 2411 1443 2451 ex
1488 2391 1674 2454 sociis
1720 2390 1789 2452 in
1838 2399 2043 2452 castra
2087 2398 2368 2466 venerat,

327 2487 676 2567 aequaliter
717 2488 1140 2566 distribuerat,
1181 2509 1254 2549 ao
1300 2487 1479 2550 brevi
1524 2487 1735 2568 spatio
1782 2488 2067 2569 legiones
2113 2509 2369 2550 numero

329 2585 651 2646 hominum
679 2585 1064 2665 expleverat,
1085 2605 1280 2665 quum
1301 2583 1491 2647 initio
1518 2607 1643 2646 non
1671 2585 1937 2666 amplius
1954 2585 2199 2647 duobus
2220 2584 2373 2644 mili·

329 2681 450 2742 bus
477 2681 816 2746 habuisset.
899 2683 1026 2744 Sed
1051 2703 1134 2742 ex
1161 2683 1330 2742 omni
1356 2682 1539 2763 copia
1558 2683 1804 2744 circiter
1821 2703 1967 2763 pars
1985 2690 2208 2764 quarta
2234 2691 2370 2745 erat
2406 2693 2472 2743 2⁸

329 2779 707 2842 militaribus
747 2779 934 2841 armis
973 2780 1324 2856 instructa3
1363 2781 1579 2859 ceteri,
1604 2786 1681 2840 ut
1722 2801 2041 2860 quemque·
2069 2801 2251 2842 casus
2278 2801 2373 2842 ar·

331 2885 630 2954 mavei-at,
647 2898 866 2958 sparos
882 2884 994 2950 aut
1009 2877 1279 2955 lanceas,
1298 2877 1409 2940 alii
1424 2885 1795 2958 praeacutas
1812 2880 1997 2940 sudes
2014 2879 2369 2959 portabant.

333 2973 457 3036 Sed
485 2983 820 3056 postquam
840 2974 1158 3037 Antonius
1184 2996 1323 3037 cum
1361 2975 1639 3038 exercitu
1666 2977 2070 3052 adventabat,
2100 2977 2373 3038 Catilina

331 3093 446 3153 per
470 3081 718 3136 montes
745 3073 870 3134 iter
895 3075 1122 3150 facere,
1152 3074 1336 3134 modo
1377 3074 1459 3134 ad
1499 3073 1738 3150 urbem,
1768 3075 1951 3134 modo
1992 3073 2057 3133 in
2098 3072 2372 3136 Galliam

331 3191 547 3234 versus
587 3179 793 3232 castra
831 3192 1102 3249 movere,
1132 3171 1417 3232 hostibus
1455 3171 1843 3232 occasionem
1884 3173 2207 3251 pugnandi
2247 3191 2372 3231 non
2410 3179 2477 3227 80

332 3271 517 3330 dare:
567 3269 864 3349 sperabat
903 3269 1266 3349 propediem
1291 3289 1557 3347 magnas
1582 3271 1798 3348 copias
1826 3289 1965 3330 sese
1992 3268 2373 3346 habiturum,

333 3366 388 3426 si
415 3367 654 3428 Romae
692 3365 846 3428 socii
883 3365 1140 3447 incepta
1185 3368 1625 3446 pati-avissent.
1710 3366 1963 3427 Interea
2004 3366 2259 3428 servitia
2286 3388 2379 3427 re-

339 3463 662 3544 pudiabat,
686 3482 758 3524 cu
761 3464 862 3543 jus
888 3463 1073 3523 initio
1093 3464 1177 3524 ad
1204 3483 1346 3530 eum
1375 3483 1641 3542 magnae
1664 3461 1883 3540 copiae
1904 3464 2375 3540 concurrebant,

333 3559 558 3638 opibus
585 3559 1040 3640 conjurationis
1068 3560 1304 3637 fretus3
1334 3558 1530 3638 ‚simul
1572 3559 1847 3632 alienum
1874 3560 2001 3620 suis
2031 3560 2379 3622 rationibus

335 3655 718 3733 existimans,
747 3655 944 3716 videri
972 3675 1223 3740 causam
1251 3655 1479 3732 civium
1506 3675 1645 3742 cum
1672 3655 1873 3721 servis
1900 3656 2187 3735 fugitivis
2213 3676 2378 3716 com·
2413 3669 2477 3718 8⁶

333 3741 766 3836 {¹²99inssss
951 3747 962 3758 '
1375 3741 1386 3754 ⁶

315 3834 324 3838 ⁵
456 3849 660 3913 LVII.
704 3849 830 3911 Sed
855 3854 1188 3931 postquam
1213 3847 1284 3908 in
1311 3854 1519 3908 castra
1538 3846 1800 3911 nuntius
1825 3845 2117 3926 pervenit
2142 3845 2380 3906 Romae
