2775 4192
361 174 440 236 16
938 170 992 223 c.
1027 169 1376 222 smusrn
1423 169 1641 233 ostam
1684 170 1891 222 mssa

455 335 656 397 monti
699 276 963 418 effigi.
1046 333 1140 394 Ea
1181 340 1468 413 potestas
1508 355 1623 414 per
1662 340 1952 396 senatum
1995 355 2167 397 more
2209 336 2495 399 Romano

453 430 856 511 magistratui
883 428 1152 490 maxima
1179 430 1588 510 permittitur,
1621 430 1960 492 exercitum
1988 451 2230 511 parare,
2258 432 2493 494 bellum

453 549 691 610 gerere,
732 534 1012 588 coercere
1053 526 1340 588 omnibus
1379 526 1581 588 modis
1620 527 1821 588 socios
1859 534 2049 607 atque
2090 529 2283 605 cives,
2308 527 2501 612 §.9321

456 623 836 705 militiaeque
859 623 877 684 i
885 626 1183 703 inperium
1205 631 1394 703 atque
1420 623 1727 702 judicium
1750 643 2058 684 summum
2077 625 2305 686 habere
2333 645 2349 686 ε
2380 624 2494 686 ali·

389 739 420 785 ὅ
453 730 552 784 ter
575 723 710 788 sine
737 720 956 802 populi
981 719 1162 798 jussu
1187 720 1423 781 nullius
1448 741 1665 782 earum
1693 741 1897 782 rerum
1922 721 2165 782 consuli
2190 720 2293 800 jus
2318 728 2437 784 est.

571 818 782 881 XXX.
825 819 980 878 Post
1017 837 1256 897 paucos
1283 816 1419 878 dies
1459 816 1531 879 L.
1563 817 1829 878 Saenius
1868 826 2121 879 senator
2158 817 2225 880 in
2264 826 2492 881 senatu

451 916 692 978 litteras
719 914 1030 993 recitavit,
1059 933 1219 994 quas
1245 913 1530 974 Faesulis
1570 913 1799 976 allatas
1826 915 1941 976 sibi
1971 915 2239 992 dicebat,
2265 916 2331 976 in
2360 917 2493 996 qui·

373 1039 385 1046 ·
453 1014 568 1074 bus
607 1014 902 1092 scriptum
943 1019 1102 1090 erat,
1131 1010 1200 1072 C.
1233 1009 1533 1070 Manlium
1578 1031 1750 1072 arma
1794 1013 2035 1092 cepisse
2077 1034 2217 1074 cum
2262 1034 2491 1093 magna

453 1111 852 1172 multitudine
920 1115 1069 1172 ante
1136 1109 1299 1169 diem
1369 1115 1615 1168 sextum
1694 1108 2017 1190 Kalendas
2082 1109 2488 1173 Novembres.

355 1215 420 1264 10
451 1207 666 1285 Simul,
711 1208 779 1269 id
825 1207 995 1287 quod
1034 1206 1104 1267 in
1143 1205 1260 1268 tali
1303 1225 1372 1267 re
1418 1204 1603 1283 solet,
1629 1205 1739 1266 alii
1781 1215 2077 1285 portenta
2120 1215 2310 1288 atque
2350 1229 2490 1288 pro·

450 1305 624 1386 digia
649 1305 1048 1382 nuntiabant,
1068 1302 1178 1364 alii
1205 1309 1553 1366 conventus
1579 1303 1731 1380 fieri,
1760 1324 1931 1364 arma
1955 1306 2213 1383 portari,
2236 1304 2491 1385 Capuae

449 1409 638 1481 atque
665 1403 732 1463 in
759 1400 996 1480 Apulia
1022 1398 1244 1463 servile
1272 1399 1507 1461 bellum
1552 1400 1803 1463 moveri.
1889 1401 2097 1481 Igitur
2137 1401 2344 1462 senati
2382 1404 2489 1463 de·-

449 1507 621 1561 creto
662 1498 742 1574 Q.
776 1497 1044 1558 Marcius
1088 1496 1590 1580 QFagsp-las,
1634 1495 1712 1571 Q.
1756 1496 2051 1560 Metellus
2094 1497 2378 1560 Creticus
2402 1499 2487 1564 ,in

448 1595 746 1676 Apuliam
790 1594 1138 1672 circumque
1183 1614 1260 1654 ea
1303 1592 1443 1654 loca
1488 1593 1803 1656 missi—ei
1846 1595 2097 1673 utrique
2140 1596 2226 1655 ad
2266 1595 2487 1658 urbem

353 1709 416 1758 15
446 1693 852 1772 imperatores
879 1699 1077 1769 erant,
1106 1691 1391 1770 impediti
1416 1711 1497 1751 ne
1522 1691 1982 1770 triumpharent
2000 1691 2309 1752 calumnia
2339 1713 2487 1771 pau-

448 1811 676 1867 corum,
707 1789 933 1868 quibus
961 1787 1168 1848 omnia
1196 1787 1459 1848 honesta
1486 1796 1675 1868 atque
1704 1787 2035 1850 inhonesta
2054 1791 2324 1848 vendere
2354 1809 2487 1850 mos

449 1895 584 1948 erat-
601 1889 814 1966 3-sed
843 1892 1165 1966 praetores
1192 1883 1269 1959 Q.
1299 1885 1635 1964 Pompeius
1676 1885 1879 1946 Rufus
1924 1884 2225 1964 Capuam,
2252 1884 2328 1958 Q.
2358 1887 2487 1946 Me·

444 1984 632 2045 tellus
660 1984 844 2046 Celer
870 1985 938 2042 in
963 2001 1182 2062 agrum
1221 1979 1541 2057 Picenum,
1572 1981 1787 2061 eisque
1828 1981 2215 2062 permissum,
2244 1983 2340 2042 uti
2366 2003 2483 2061 pro

444 2087 726 2160 tempore
754 2089 946 2160 atque
971 2078 1246 2158 periculo
1288 2079 1633 2140 exercitum
1676 2088 2124 2160 compararent.
2209 2079 2315 2140 Ad
2343 2081 2479 2160 hoc,

349 2193 416 2241 20
444 2177 496 2238 si
523 2180 664 2258 quis
691 2175 1092 2239 indicavisset
1120 2177 1200 2236 de
1240 2175 1667 2256 conjuratione
1708 2197 1869 2256 quae
1910 2185 2127 2238 contra
2166 2199 2295 2238 rem
2322 2180 2478 2258 pub-

445 2274 628 2336 licam
667 2275 837 2335 facta
883 2281 1038 2350 erat,
1078 2274 1423 2352 praemium
1466 2293 1647 2334 servo
1689 2271 2042 2334 libertatem
2084 2282 2151 2336 et
2194 2277 2482 2338 sestertia

445 2378 713 2448 centum,
741 2371 935 2432 libero
959 2369 1403 2450 impunitatem
1438 2367 1583 2449 ej-us
1622 2371 1726 2457 {ej
1739 2377 1807 2432 et
1844 2372 2137 2434 sestertia
2161 2373 2433 2434 ducenta
2462 2393 2479 2448 ;

443 2469 717 2546 itemque
745 2469 1091 2545 decrevere,
1119 2469 1217 2527 uti
1244 2466 1654 2547 gladiatoriae
1695 2468 1968 2531 familiae
2014 2470 2292 2550 Capuam
2322 2479 2390 2531 et
2414 2472 2481 2530 in

445 2573 654 2626 cetera
679 2565 1014 2645 municipia
1038 2564 1566 2625 distribuerentur
1590 2585 1705 2645 pro
1746 2568 2047 2648 cujusque
2090 2568 2331 2648 opibus,
2360 2568 2483 2628 Ro-

348 2675 412 2723 25
443 2683 584 2723 mae
611 2683 723 2740 per
747 2669 947 2724 totam
992 2662 1203 2722 urbem
1231 2660 1487 2742 vigiliae
1529 2662 1921 2742 haberentur,
1954 2664 2186 2796 eisque
2210 2664 2479 2727 minores

443 2759 736 2840 magistra
746 2767 845 2822 tus
871 2764 1253 2839 praeessent.

564 2855 806 2917 XXXI.
853 2854 1093 2928 Quibus
1119 2855 1306 2917 rebus
1348 2865 1633 2938 permota
1673 2859 1893 2922 civitas
1935 2867 2125 2939 atque
2152 2859 2483 2922 immutata

443 2953 612 3013 urbis
639 2951 832 3013 facies
871 2958 1008 3012 erat
1035 2972 1051 3013 ε
1095 2972 1176 3013 ex
1215 2974 1457 3015 summa
1497 2955 1745 3018 laetitia
1785 2963 1977 3037 atque
2016 2956 2290 3033 lascivia,
2316 2975 2481 3034 quae

443 3051 738 3111 diuturna
781 3051 979 3129 quies.
1000 3063 1353 3134 pepererat,
1381 3060 1641 3132 repente
1670 3074 1887 3114 omnes
1919 3054 2179 3113 tristitia
2214 3052 2480 3115 invasit:

345 3157 411 3205 80
442 3149 756 3223 festinare,
786 3148 1119 3226 trepidare,
1142 3168 1344 3227 neque
1372 3149 1511 3210 loco
1531 3170 1733 3228 neque
1753 3149 1989 3211 homini
2015 3151 2296 3229 cuiquam
2324 3149 2478 3210 satis

441 3244 711 3321 credere,
758 3264 964 3324 neque
1007 3245 1238 3306 bellum
1283 3267 1502 3325 gerere
1550 3267 1755 3324 neque
1802 3267 2019 3328 pacem
2068 3248 2317 3323 habere,
2361 3265 2479 3306 suo

441 3343 702 3422 quisque
749 3351 923 3403 metu
963 3342 1240 3422 pericula
1281 3342 1507 3404 metiri.
1590 3341 1693 3404 Ad
1737 3343 1857 3407 hoo
1900 3343 2209 3420 muliereS,
2251 3344 2481 3423 quibus

441 3438 531 3498 rei
566 3438 850 3517 publicae
893 3438 1326 3519 magnitudine
1366 3439 1521 3500 belli
1564 3439 1754 3501 timor
1788 3440 2079 3502 insolitus
2120 3442 2479 3516 incesserat,

442 3536 756 3596 adflictare
785 3556 943 3611 sese,
977 3555 1196 3596 manus
1237 3537 1553 3616 supplices
1594 3538 1675 3597 ad
1715 3536 1953 3598 caelum
1992 3539 2271 3614 tendere,
2304 3538 2481 3598 mise-

346 3645 409 3694 85
442 3633 566 3692 rari
593 3651 819 3711 parvos
845 3631 1094 3707 liberos,
1121 3631 1417 3712 rogitare,
1446 3639 1658 3692 omnia
1684 3653 1931 3712 pavere,
1960 3635 2251 3714 superbia
2290 3641 2480 3713 atque,

443 3728 683 3788 deliciis
711 3727 958 3788 omissis
985 3727 1104 3788 sibi
1131 3727 1499 3808 patriaeque
1526 3729 1825 3796 diffidere..

565 3823 656 3884 At
693 3821 1001 3886 Catilinae
1040 3823 1307 3884 crudelis
1353 3824 1596 3884 animus
1640 3825 1858 3891 eadem
1894 3823 2002 3884 illa
2042 3827 2352 3904 movebat,
2390 3834 2482 3887 ta·
