2775 4192
345 176 424 238 14
928 176 982 228 c.
1016 175 1370 229 samusrn
1415 175 1635 230 cmsr1
1676 177 1883 229 unns

441 339 550 418 qui
593 346 817 419 postea
861 339 1158 420 princeps
1205 341 1327 400 fuit
1374 340 1529 402 belli
1574 339 1869 402 faciundi.
1954 341 2049 402 Ea
2096 334 2482 422 tempestate

439 436 738 516 plurimos
763 436 1067 517 cujusque
1092 437 1651 516 generis‚homines
1692 439 2033 500 adscivisse
2074 439 2196 499 sibi
2235 439 2479 516 dicitur,

439 532 732 594 mulieres
751 534 944 595 etiam
963 534 1221 612 aliquot,
1240 553 1403 612 quae
1422 533 1623 613 primo
1642 534 1935 614 ingentes
1956 543 2241 615 sumptus
2260 544 2483 615 stupro

439 631 716 710 corporis
741 631 1186 710 toleraverant,
1217 640 1386 710 post,
1418 631 1527 690 ubi
1554 639 1735 692 aetas
1774 638 2023 692 tantum
2050 635 2237 693 modo
2265 653 2483 713 quaes-

377 744 408 790 5
438 728 540 788 tui
586 749 792 807 neque
833 728 1117 790 luxuriae
1157 729 1433 804 ιῐςεὶείιιῐῃἢ
1454 729 1707 805 fecerat,
1766 749 1879 802 aes
1918 729 2191 790 alienum
2240 732 2481 810 grande

439 826 880 888 conflaverant.
962 826 1087 886 Per
1105 811 1220 887 'eas
1258 845 1326 885 se
1369 823 1645 886 Catilina
1672 827 1967 887 credebat
2003 847 2187 907 posse
2228 827 2485 889 servitia

438 923 680 983 urbana
707 922 1062 1000 sollicitare,
1083 923 1302 982 urbem
1329 923 1684 1000 incendere,
1706 923 1887 994 viros
1900 943 2113 984 earum
2132 922 2237 984 vel
2262 923 2483 1004 adjun-

439 1041 590 1100 gere
618 1019 742 1080 sibi
766 1019 870 1081 vel
895 1020 1262 1081 interficere.
1305 1049 1350 1078 -.·

561 1117 773 1179 XXV.
816 1117 943 1178 Sed
983 1119 1055 1177 in
1093 1117 1188 1178 eis
1230 1129 1364 1178 erat
1407 1116 1798 1196 Sempronia,
1840 1139 2002 1198 quae
2048 1119 2246 1182 multa
2292 1139 2481 1205 saepe

348 1233 412 1281 10
440 1214 636 1276 virilis
665 1214 963 1277 audaciae
990 1213 1264 1276 facinora
1290 1216 1705 1284 commiserat.
1788 1216 1965 1278 Haec
2002 1218 2225 1280 mulier
2248 1237 2484 1298 genere

441 1319 633 1393 atque
675 1314 896 1392 forma,
932 1320 1262 1394 praeterea
1297 1314 1455 1391 vire,
1494 1313 1710 1374 liberis
1750 1313 1905 1374 satis
1946 1315 2273 1376 fortunata
2311 1317 2481 1393 fuit3

439 1409 672 1472 litteris
689 1409 950 1472 Graecis
978 1417 1043 1472 et
1071 1409 1314 1470 Latinis
1341 1410 1551 1494 docta,
1576 1409 1857 1489 psallere,
1878 1410 2104 1473 saltare
2132 1412 2485 1492 elegantius

441 1529 628 1587 quam
671 1527 930 1570 necesse
975 1512 1076 1567 est
1123 1507 1383 1587 probae,
1427 1508 1626 1569 multa
1672 1507 1816 1586 alia,
1858 1530 2019 1589 quae
2065 1509 2484 1570 instrumenta

439 1605 726 1667 luxuriae
754 1612 920 1668 sunt.
1003 1604 1128 1666 Sed
1171 1604 1234 1664 ei
1274 1603 1511 1665 cariora
1552 1625 1800 1686 semper
1838 1607 2049 1667 omnia
2075 1627 2260 1687 quam
2288 1608 2483 1668 decus

347 1715 410 1763 15
440 1711 634 1783 atque
668 1701 973 1783 pudicitia
1010 1701 1180 1778 fuit3
1219 1701 1525 1781 pecuniae
1564 1723 1646 1762 an
1686 1702 1892 1772 famae
1929 1703 2147 1773 minus
2172 1711 2484 1783 parceret,

441 1800 610 1862 haud
633 1799 820 1862 facile
848 1802 1252 1866 discerneres.
1337 1801 1466 1864 Sed
1505 1822 1583 1863 ea
1622 1823 1811 1882 saepe
1839 1803 2107 1864 antehac
2134 1804 2316 1862 fidem
2342 1822 2485 1881 pro·

441 1899 707 1977 diderat,
726 1898 1032 1960 creditum
1061 1899 1479 1980 abjuraverat,
1498 1900 1709 1962 caedis
1738 1899 1986 1961 conscia
2014 1901 2220 1972 fuerat
2250 1920 2270 1976 ;
2306 1900 2487 1960 luxu-

440 1995 536 2056 ria
562 2005 754 2076 atque
782 1997 988 2076 inopia
1027 2016 1328 2077 praeceps
1368 1995 1629 2058 abierat.
1712 1997 1945 2058 Verum
1982 1996 2302 2078 ingenium
2345 1997 2485 2078 ejus

439 2093 610 2155 haud
648 2095 1019 2158 absurdumt
1059 2116 1244 2175 posse
1283 2115 1503 2158 versus
1542 2096 1777 2173 facere,
1813 2095 2022 2175 jocum
2062 2115 2331 2173 movere,
2357 2116 2485 2157 ser·

345 2186 414 2246 2'0
442 2211 626 2254 mone
663 2193 762 2254 nti
788 2192 888 2253 vel
915 2195 1200 2255 modesto
1224 2194 1324 2256 vel
1366 2193 1543 2254 molli
1572 2195 1670 2256 vel
1711 2193 1998 2274 procaci3
2037 2213 2291 2273 prorsus
2328 2192 2485 2252 mul-

407 2337 420 2358 ,
442 2296 552 2349 tae
576 2289 842 2354 facetiae
867 2290 1224 2370 multusque
1247 2289 1427 2370 lepos
1450 2293 1675 2354 inerat.
2107 2349 2147 2388 f,
2168 2349 2227 2386 ῃ

435 2375 521 2452 f·
566 2386 809 2450 xxvl.
851 2388 975 2448 His
998 2389 1184 2450 rebus
1225 2391 1627 2468 comparatis,
1656 2388 1935 2451 catilina
1961 2387 2168 2463 nihilq
2181 2389 2385 2464 ,minus
2415 2389 2484 2448 in

441 2483 793 2564 proximum
821 2507 1049 2546 annum
1077 2487 1471 2548 consulatum
1498 2487 1781 2566 petebat,
1810 2507 2091 2602 ⁸9⁶¹}ssss
2113 2485 2167 2546 si
2194 2467 2521 2566 designa·-

443 2584 763 2665 tusjoret,
791 2582 972 2643 facile
1014 2603 1084 2643 se
1111 2603 1190 2644 ex
1219 2581 1543 2644 voluntate
1571 2581 1858 2645 Antonio
1900 2605 2175 2666 usurum.
2260 2583 2487 2663 Neque

346 2691 413 2738 25
445 2680 688 2740 interea
715 2679 967 2760 quietus
1005 2687 1166 2772 eralt³
1191 2679 1308 2740 sed
1347 2679 1639 2741 omnibus
1679 2680 1879 2741 modis
1920 2678 2181 2742 insidias
2220 2680 2487 2758 parabat

444 2756 774 2850 Cicer-*6321*
830 2778 1056 2858 Neque
1079 2747 1200 2862 ‚il-13}
1199 2751 1441 2866 fftamen
1469 2778 1921 2845 adcavendnm
1962 2776 2145 2856 dolus
2183 2783 2293 2837 aut
2320 2784 2489 2836 astu-

447 2875 576 2936 tiae
621 2876 900 2936 deerant.
982 2874 1268 2954 Namque
1307 2896 1348 2935 a
1387 2865 1695 2954 principio
1742 2874 2103 2936 consulatus
2148 2875 2245 2934 sui
2290 2871 2487 2934 multa

447 2953 798 3053 polligss‘jssio
841 2991 960 3052 per
1002 2971 1280 3032 Fulviam
1331 2973 1647 3049 effecerat,
1689 2979 1763 3048 ut
1812 2971 1889 3045 Q.
1942 2971 2184 3048 Curius,
2234 2971 2313 3034 de
2360 2990 2488 3050 quo

443 3068 634 3149 paulo
674 3076 822 3129 ante
859 3067 1216 3134 memoravi.
1245 3069 1504 3130 consilia
1546 3069 1855 3130 Catilinae
1880 3069 2001 3129 sibi
2028 3069 2363 3149 proderet3
2404 3067 2488 3128 ad

350 3173 413 3219 80
446 3167 564 3226 hoc
603 3166 910 3250 collegam
950 3185 1128 3226 suum
1159 3164 1509 3226 Antonium
1550 3165 1849 3255 pactione,
1880 3167 2241 3246 provinciae
2267 3185 2491 3249 per-,pg-

443 3262 627 3340 geg-gt,
644 3283 724 3324 ne
745 3269 964 3323 contra
991 3283 1118 3323 rem
1141 3263 1453 3348 publicam
1475 3235 1741 3337 seffl‘g
1768 3284 1788 3340 ;
1828 3265 2055 3324 circum
2080 3283 2150 3324 se
2173 3261 2489 3342 praesidia

389 2371 406 2382 ο

448 3360 786 3420 amicorum
839 3365 1035 3439 atque
1079 3358 1409 3420 clientium
1457 3361 1704 3423 occulte
1750 3361 2043 3423 babebat.
2145 3359 2487 3438 Postquam

447 3456 586 3518 dies
627 3455 1016 3518 comitiorum
1061 3456 1257 3533 venit,
1299 3465 1367 3517 et
1409 3457 1717 3519 Catilinae
1762 3479 1965 3537 neque
2007 3459 2237 3538 petitio
2282 3475 2489 3536 neque

446 3554 714 3614 insidiae
755 3573 910 3633 quas
950 3553 1208 3630 consulit
1235 3555 1302 3613 in
1346 3574 1569 3635 campo
1612 3556 1847 3616 fecerat
1887 3575 2181 3635 prospere
2225 3573 2487 3631 cessere,

352 3662 418 3710 8³
450 3651 780 3711 constituit
819 3648 1052 3710 bellum
1094 3650 1304 3712 facere
1343 3658 1413 3711 et
1456 3663 1732 3713 extrema
1774 3652 1982 3712 omnia
2024 3650 2311 3730 experiri,
2341 3669 2491 3729 quo-

449 3747 618 3806 niam
647 3765 810 3825 quae
829 3745 1074 3806 occulte
1099 3753 1464 3807 tentaverat
1491 3768 1707 3826 aspera
1729 3747 2045 3827 foedaque
2068 3753 2427 3809 evenerant.

569 3843 848 3905 XXVII.
889 3841 1101 3922 Igitur
1125 3842 1197 3905 C.
1219 3842 1517 3903 Manlium
1546 3843 1847 3904 Faesulas
1873 3851 2063 3924 atque
2090 3843 2159 3903 in
2186 3863 2323 3902 eam
2349 3863 2493 3923 par-
