2775 4192
371 170 450 231 26
1017 173 1072 227 0.
1107 175 1452 228 SALLUS'HI
1489 176 1714 249 ‚cmsrl
1759 176 1963 228 LIBER

468 332 639 396 lente
667 333 966 398 Cicerone
991 338 1577 422 {requensfis‘epatug
1598 341 1903 403 decernit:
1945 340 2267 422 Tarquinii
2291 341 2508 404 indici-

469 453 576 492 um
616 433 838 494 salsum
887 436 1100 514 videri,
1141 459 1405 516 eumque
1450 440 1518 497 in
1559 439 1825 500 vinculis
1864 439 2277 514 retinendum,
2305 460 2509 519 neque

469 530 732 610 amplius
758 539 1134 610 potestatem
1176 534 1557 610 faciundam,
1585 536 1709 596 nisi
1744 538 1824 596 de
1866 556 1943 596 eo
1983 535 2305 612 indicaret,
2332 536 2511 615 cujus

469 626 729 688 consilio
755 635 996 690 tantam
1022 651 1153 691 rem
1173 640 1342 692 esset
1367 632 1687 694 mentitus.
1772 632 1969 692 Erant
1988 653 2067 694 eo
2094 639 2373 712 tempore
2400 632 2511 712 qui

404 734 434 780 ὅ
468 724 900 784 existimarent
925 725 1219 788 indicium
1249 727 1401 788 illud
1424 748 1463 787 a
1492 728 1561 791 Ρ.
1586 727 1899 790 Autronio
1926 728 2363 805 machinatum,
2386 749 2511 807 quo

467 821 710 898 ggoilius
750 824 1342 910 ³²PP9118ss0..„Q.1.'².².S„S,Q.
1372 846 1487 904 per
1502 825 1897 898 ,societatem
1938 825 2201 905 periculi
2243 824 2511 905 reliquos

466 918 636 980 illius
656 923 938 999 potentia
965 929 1248 1003 tegeret;
1289 923 1399 984 alii
1437 923 1839 1002 Tarquinium
1872 943 1913 983 a
1954 921 2253 984 Cicerone
2279 922 2509 984 immis-

467 1037 605 1076 sum
645 1017 920 1098 aiebant,
947 1041 1027 1081 ne
1069 1020 1326 1081 Crassus
1365 1041 1537 1080 more
1564 1040 1701 1109 sup)
1728 1029 2032 1106 suscepto
2060 1019 2359 1080 malorum
2401 1041 2510 1099 pa-

468 1113 750 1194 trocian,
779 1137 909 1178 rem
952 1116 1263 1196 publicam
1303 1118 1725 1180 conturbaret.
1811 1118 2027 1195 Ipsum
2055 1115 2347 1178 Crassum
2386 1137 2509 1198 ego

371 1222 437 1272 10
464 1218 686 1290 postea
710 1213 1178 1291 praedicantem
1201 1214 1436 1293 audivi,
1456 1221 1698 1298 tantam
1710 1213 1912 1292 ἰ11αξη
1920 1214 2364 1275 contumeliam
2380 1213 2537 1296 Q

467 1308 548 1368 ab
575 1307 875 1373 Cicerone
903 1311 1279 1389 impositam.
1454 1334 1540 1407 3

586 1406 818 1469 XLIX.
864 1408 989 1469 Sed
1030 1410 1264 1471 eisdem
1305 1408 1693 1488 temporibus
1734 1409 1811 1483 Q.
1843 1409 2107 1471 Catulus
2144 1417 2213 1470 et
2254 1409 2323 1472 C.
2358 1411 2509 1472 Piso

466 1523 668 1584 neque
697 1505 899 1590 pretio
925 1526 1130 1585 neque
1157 1503 1362 1586 gratia
1384 1505 1747 1568 Ciceronem
1772 1506 2091 1587 impellere
2118 1499 2392 1589 quivere,
2413 1508 2509 1567 uti

469 1622 580 1680 per
606 1600 984 1682 Allobroges
1011 1609 1122 1664 aut
1149 1603 1340 1664 alium
1373 1603 1634 1664 indicem
1678 1603 1747 1666 C.
1779 1603 2013 1665 Caesar
2036 1605 2197 1666 falso
2236 1605 2510 1666 nomina·

371 1713 436 1762 15
467 1706 655 1761 retur.
711 1699 875 1762 Nam
894 1707 1156 1779 uterque
1177 1701 1467 1782 §.213¹AEss
1482 1718 1709 1780 graves
1728 1700 2091 1774 inimicitias
2114 1703 2509 1781 exercebant,

466 1796 614 1858 Piso
641 1806 1046 1878 oppugnatus
1066 1800 1128 1858 in
1156 1798 1391 1880 judicio
1410 1800 1809 1876 pecuniarum
1826 1800 2305 1878 repetundarum
2325 1821 2509 1880 prop·

466 1899 568 1955 ter
591 1896 911 1975 cujusdam
933 1895 1362 1972 Transpadani
1387 1895 1757 1974 supplicium
1784 1895 2106 1976 injustum,
2136 1896 2401 1958 Catulus
2428 1917 2509 1958 ex

467 1992 774 2072 petitione
806 1994 1207 2072 pontifi'cntus
1233 1993 1378 2070 odio
1418 1977 1731 2070 incensus,
1761 1994 1927 2072 quod
1966 2001 2246 2056 extrema
2272 2001 2507 2071 aetate,

466 2087 752 2152 maximis
792 2091 1128 2152 honoribus
1169 2091 1447 2168 usuS‚.ab
1486 2081 1973 2153 adulescentulo
1994 2091 2261 2154 Caesare
2302 2092 2508 2154 victus

368 2193 436 2242 2⁰
467 2188 859 2270 discesserat.
959 2189 1088 2250 Res
1141 2187 1353 2251 autem
1414 2197 1767 2269 opportuna
1818 2187 2175 2268 videbatur,
2229 2175 2397 2270 quod
2447 2185 2509 2253 is

464 2286 762 2365 privatim
801 2287 1060 2367 egregia
1099 2286 1500 2365 liberalitate,
1528 2287 1780 2367 publice
1807 2287 2093 2349 maximis
2133 2287 2506 2363 muneribus,

465 2385 766 2462 grandem
791 2384 1114 2464 pecuniam
1143 2385 1439 2448 debebat.
1521 2384 1649 2446 Sed
1673 2385 1785 2445 ubi
1812 2384 2128 2446 consulem
2157 2386 2233 2446 ad
2262 2391 2511 2445 tantum

371 2536 375 2540 .
465 2481 710 2542 facinus
749 2481 1089 2562 impellere·
1109 2479 1447 2561 nequeunt,
1488 2481 1613 2562 ipsi
1658 2483 2021 2561 singulatim
2072 2481 2509 2544 circumeundo

467 2584 659 2656 atque
685 2581 1109 2656 ementiundo,
1137 2599 1300 2660 quae
1341 2600 1413 2641 se
1451 2600 1533 2641 ex
1560 2579 1885 2641 Volturcio
1920 2586 2032 2640 aut
2061 2579 2508 2660 Allobrogibus

367 2684 433 2733 25
467 2674 718 2738 audisse
746 2676 1041 2754 dicerent,
1073 2697 1364 2756 magnam
1392 2665 1486 2737 illi
1514 2676 1812 2752 invidiam
1839 2677 2279 2755 conflaverant,
2305 2697 2508 2757 usque

467 2792 564 2849 e0,
591 2779 668 2834 ut
708 2774 990 2834 nonnulli
1032 2775 1278 2854 equites
1318 2764 1605 2850 Romani,
1648 2775 1759 2854 qui
1800 2774 2096 2853 praesidii
2136 2795 2324 2834 causa
2366 2795 2507 2834 cum

464 2869 614 2931 telis
653 2879 830 2931 erant
869 2873 1096 2933 circum
1135 2873 1358 2932 aedem
1400 2870 1799 2947 Concordiae,
1829 2892 1941 2931 seu
1971 2871 2228 2951 periculi
2265 2871 2508 2951 magni-

465 2969 690 3031 tudine
717 2989 828 3030 seu
857 2969 1048 3031 animi
1076 2963 1425 3030 mobilitate
1466 2968 1738 3048 impulsi,
1766 2989 1891 3048 quo
1924 2970 2201 3030 studium
2230 2989 2409 3029 suum
2436 2970 2507 3030 in

465 3086 594 3126 rem
629 3067 936 3146 publicam
983 3066 1204 3128 clarius
1251 3073 1443 3145 esset,
1470 3066 1823 3147 egredienti
1866 3087 1946 3128 ex
1990 3075 2214 3127 senatu
2254 3064 2540 3148 Caesari·

369 3181 434 3228 80
466 3162 676 3242 gladio
702 3165 1161 3227 minitarentur.

585 3260 657 3322 L.
701 3262 868 3322 Dum
906 3263 1059 3324 haec
1099 3265 1162 3324 in
1213 3269 1441 3326 senatu
1493 3269 1769 3342 aguntur
1806 3269 1875 3324 et
1914 3263 2061 3323 dum
2115 3261 2345 3341 legatis
2391 3259 2505 3322 AJ-

465 3356 796 3439 lobrogum
823 3367 890 3422 et
918 3361 987 3423 T.
1011 3359 1356 3438 Volturcio,
1383 3361 1786 3439 comprobato
1814 3381 2027 3420 eorum
2053 3358 2305 3434 indicio,
2330 3378 2507 3438 prae-

467 3457 591 3518 mia
631 3460 1066 3535 decernuntur,
1112 3456 1328 3524 liberti
1372 3465 1440 3518 et
1492 3456 1683 3536 pauci
1728 3477 1807 3516 ex
1863 3456 2201 3517 clientibus
2254 3454 2509 3516 Lentuli

467 3557 728 3618 diversis
768 3553 1095 3616 itineribus
1135 3553 1388 3633 opifices
1414 3560 1607 3633 atque
1648 3554 1908 3615 servitia
1946 3554 2015 3613 in
2041 3551 2199 3613 vicis
2238 3552 2323 3612 ad
2363 3571 2507 3613 eum

369 3669 434 3721 85
467 3651 855 3732 eripiundum
893 3649 1337 3726 sollicitabant,
1363 3650 1586 3729 partim
1628 3650 2033 3730 exquirebant
2074 3651 2264 3710 duces
2303 3647 2507 3710 multi·
2536 3703 2541 3708 .

467 3751 780 3823 tudinum,
826 3748 935 3825 qui
986 3747 1194 3826 pretio
1239 3766 1370 3806 rem
1422 3747 1737 3823 publicam
1783 3742 2011 3806 vexare
2066 3745 2237 3806 soliti
2291 3751 2507 3823 erant3

469 3846 788 3924 Cethegus
817 3850 1022 3904 autem
1063 3862 1177 3922 per
1215 3841 1469 3902 nuntios
1495 3840 1789 3902 familiam
1822 3849 2011 3921 atque
2052 3841 2311 3903 libertos
2338 3861 2507 3920 suos,

2740 2379 2751 2602 ,ι
