2775 4192
771 190 860 247 nn
901 189 1268 244 cumn.
1311 189 1851 244 consummem.
2356 191 2437 256 33

288 353 739 433 misericordia,
765 355 824 416 si
857 353 956 416 illi
993 373 1168 416 arma
1205 352 1510 434 ceperint,
1538 357 1605 414 in
1642 353 1955 414 miseriam
1994 357 2339 416 convertet.

292 451 548 514 Scilicet
572 473 674 514 res
701 453 840 531 ipsa
867 471 1090 531 aspera
1115 457 1236 530 est,
1263 453 1376 513 sed
1402 471 1519 514 vos
1544 471 1674 513 non
1713 451 1955 512 timetis
1976 437 2157 533 Q
2220 413 2384 514 Imf

291 570 396 612 mo
423 571 574 610 vero
601 548 896 610 maxime:
937 548 1056 610 sed
1080 547 1306 610 inertia
1341 554 1412 610 et
1452 547 1713 628 molliti&
1740 548 1935 610 animi
1960 548 2121 608 alius
2148 546 2341 610 alium

293 653 738 726 exspectantes
775 645 1176 723 cunctamini,
1205 646 1503 707 videlicet
1536 645 1673 706 deis
1712 643 2161 707 immortalibus
2200 667 2342 708 con·

289 745 412 822 fisi,
456 744 568 825 qui
609 744 771 806 hanc
817 763 950 804 rem
997 743 1308 823 publicam
1356 763 1550 822 saepe
1598 742 1667 802 in
1712 743 1999 804 maximis
2043 743 2339 824 periculis
2406 756 2448 803 6

293 863 636 907 servavere.
721 841 869 902 Non
894 839 1062 903 votis
1089 861 1294 920 neque
1321 840 1653 920 suppliciis
1680 840 2081 902 muliebribus
2107 841 2369 920 auxil-ig,

291 943 550 1002 deorum
603 946 907 1020 parantur
942 959 958 1001 ι
1027 937 1368 1018 vigilando,
1421 937 1689 1018 agendo,
1744 938 1909 1000 bene
1960 939 2341 1001 consulendo

293 1057 592 1118 prospere
635 1035 842 1098 omnia
889 1035 1154 1098 ceduntz
1193 1034 1304 1096 ubi
1349 1035 1673 1096 socordiae
1710 1041 1788 1114 te
1823 1043 2011 1116 atque
2048 1035 2339 1116 ignaviae

292 1132 649 1211 tradideris,
675 1132 1052 1213 nequiquam
1061 1134 1234 1194 deos
1260 1130 1593 1212 implores3
1634 1132 1783 1194 irati
1812 1133 2155 1215 infestique
2182 1143 2349 1200 sunt.

291 1232 494 1313 Apud
519 1232 788 1312 majores
814 1236 1066 1296 nostros
1091 1228 1165 1292 Τ.
1195 1229 1469 1292 Manlius
1506 1229 1857 1311 Torquatus
1894 1231 2062 1293 bello
2089 1231 2337 1294 Gallico
2374 1243 2437 1294 10

293 1329 492 1394 filium
521 1349 722 1406 suum,
749 1328 920 1409 quod
943 1326 1002 1390 is
1017 1334 1250 1392 ,contra
1277 1325 1613 1406 imperium
1640 1327 1709 1390 in
1746 1327 1993 1390 hostem
2020 1325 2339 1408 pugn'ave-

292 1433 417 1504 rat,
445 1427 652 1488 necari
694 1424 903 1505 jussit,
932 1432 1128 1505 atque
1153 1424 1263 1487 ille
1304 1410 1601 1507 egregius
1640 1425 2007 1488 adulescens
2042 1425 2338 1487 immode-

292 1531 471 1586 ratae
499 1522 888 1614 tortitudinis
912 1529 1115 1598 mariq
1139 1542 1378 1603 Poenas
1406 1521 1619 1598 dedit:
1648 1543 1761 1584 vos
1788 1523 1869 1584 de
1896 1521 2338 1585 crudelissimis

290 1619 644 1702 parricidis'
676 1607 830 1700 quid
881 1605 1180 1682 statuatis
1234 1621 1615 1682 cunctamini
1629 1622 1661 1682 ἰ’
1758 1620 2075 1690 Videlicet
2128 1629 2337 1682 cetera

293 1719 432 1780 vita
457 1738 674 1790 eorum
717 1717 862 1806 huic
903 1711 1126 1808 sceleri
1164 1718 1397 1806 obstat.
1412 1723 1446 1732 “’
1478 1717 1717 1802 Verum
1754 1719 1993 1798 parcite
2036 1717 2337 1798 dignitati
2372 1737 2435 1785 ιο

293 1815 570 1892 Lentuli,
601 1817 657 1877 si
696 1799 832 1894 ipse
866 1800 1244 1895 pudicitiae,
1273 1814 1328 1876 si
1367 1815 1575 1876 famae
1616 1835 1784 1904 suae,
1815 1815 1870 1875 si
1906 1803 2041 1888 deis
2079 1821 2191 1876 aut
2220 1803 2339 1876 ho-

292 1911 566 1976 minibus
591 1933 866 1994 unquam
905 1911 1052 2000 ullis
1093 1895 1410 1994 pepercit:
1451 1910 1761 1992 ignoscite
1792 1901 2061 1998 Cethegi
2097 1910 2339 1974 adules-

295 2013 566 2091 centiae,
591 1995 720 2073 nisi
759 2013 984 2072 iterum
1027 1995 1278 2092 patr-Qe'
1312 2008 1545 2072 bellum
1571 2000 1742 2073 fecit.
1826 2008 1994 2070 Nam
2021 2010 2173 2089 quid
2214 2030 2337 2091 ego

295 2113 378 2172 de
423 2110 714 2190 Gabinio,
765 2098 1052 2185 Statilio,
1091 2107 1397 2201 Caepario
1438 2108 1703 2186 loquar?
1784 2106 2030 2180 Quibus
2072 2107 2129 2168 si
2170 2109 2339 2188 quic·

295 2232 484 2292 quam
511 2231 798 2293 unquam.
829 2206 1012 2289 pensi
1027 2206 1280 2296 fuisset,
1309 2225 1439 2266 non
1480 2225 1557 2266 ea
1597 2204 1855 2268 consilia
1882 2206 1963 2267 de
1990 2225 2059 2266 re
2085 2203 2339 2286 publica
2371 2219 2439 2266 20

295 2309 682 2370 habuissent.
713 2303 720 2309 ’
790 2306 1138 2380 Postremo,
1181 2310 1398 2383 patres
1452 2302 1809 2382 conscripti,
1850 2302 1911 2378 si
1957 2298 2339 2370 mehercules

283 2415 571 2490 peggatq
586 2407 790 2494 ¹„locus
840 2410 1035 2480 esset,
1081 2401 1264 2464 facile
1319 2407 1570 2486 μύξῃ-ιτ
1619 2421 1735 2461 vos
1775 2402 1912 2480 ipsa
1964 2421 2033 2460 re
2087 2401 2338 2480 corrigi,

295 2505 592 2585 quoniam
619 2487 812 2566 ve‘rba
852 2498 1256 2564 contemnitis
1283 2506 1302 2575 ξ
1341 2497 1758 2578 sed'undique
1798 2498 2204 2558 circumventi
2240 2517 2338 2558 su-

293 2623 452 2667 mus.
565 2595 842 2666 Catilina
885 2601 1046 2676 cum'
1079 2598 1364 2660 exercitu
1420 2596 1705 2658 faucibus
1760 2601 1969 2675 urget,
2010 2594 2125 2656 alii
2168 2597 2337 2656 intra

298 2702 546 2764 moenia
573 2700 762 2780 atque
799 2698 878 2760 in
923 2698 1064 2759 sinu
1092 2695 1264 2757 urbis
1306 2706 1457 2754 sunt
1484 2694 1720 2770 hostes,
1755 2713 1959 2772 neque
1986 2693 2189 2772 parari
2230 2713 2339 2753 ne·
2372 2701 2437 2749 25

297 2818 422 2878 que
469 2797 713 2859 consuli
753 2795 1085 2878 quicquam
1131 2799 1343 2875 potest
1385 2789 1663 2854 occulte:
1706 2811 1829 2871 quo
1876 2789 2077 2871 magis
2119 2811 2341 2871 prope·

297 2897 560 2956 randum
588 2882 706 2957 est.
1256 2883 1260 2888 ⁸

421 2991 634 3065 Quare
661 3011 786 3072 ego
823 2990 918 3052 ita
959 3009 1222 3054 censeo:
1265 3007 1459 3070 quum
1500 2985 1741 3048 nefario
1782 2985 2045 3048 consilio
2084 2984 2345 3048 scelera-

297 3095 502 3150 torum
531 3087 762 3148 civium
787 3109 890 3150 res
905 3089 1162 3168 publica
1191 3087 1254 3145 in
1280 3086 1551 3147 maxima
1576 3082 1852 3164 pericula
1874 3083 2137 3160 venerit,
2160 3082 2341 3162 eique

300 3186 536 3274 indicio
561 3185 632 3252 Τ.
655 3184 1064 3254 Volturcii‘et
1090 3184 1445 3264 legatorum
1464 3181 1876 3260 Allobrogum
1904 3178 2175 3248 convicti
2201 3199 2343 3253 enn-
2378 3191 2443 3240 30

289 3273 578 3364 ,fessique
631 3284 783 3367 sint,
831 3284 1107 3359 eaedem,
1155 3279 1447 3344 incendia
1502 3279 1746 3358 aliaque
1770 3339 1775 3344 ,
1786 3298 1893 3352 ,αξξ
1914 3277 2105 3338 foeda.
2152 3283 2343 3355 atque

301 3379 580 3442 crudelia
605 3371 884 3442 facinora
923 3376 988 3440 in
1017 3378 1186 3440 cives
1216 3376 1611 3459 patriamque
1636 3374 1975 3455 paravisse,
2004 3375 2347 3454 dekconigs-
2362 3373 2415 3445 ᾖ

268 3477 411 3555 „si-s,
441 3479 628 3539 sicuti
656 3480 736 3540 de
778 3477 1130 3542 manifestis
1169 3497 1376 3538 rerum
1420 3473 1801 3554 capitalium,
1834 3493 2004 3534 more
2044 3459 2375 3551 majorum'

303 3575 680 3656 supplicium
705 3574 1141 3638 sumendum.”

425 3671 600 3736 LIII.
643 3671 985 3753 Postquam
1027 3672 1190 3734 Cato
1229 3669 1489 3744 assedit,
1516 3667 1875 3730 consulares
1914 3687 2131 3729 omnes
2168 3667 2348 3726 item·
2382 3680 2447 3729 85

305 3788 432 3848 que
473 3775 732 3831 senatus
769 3789 1004 3848 mag-na·
1045 3787 1191 3848 pars
1239 3764 1616 3828 sententiam
1663 3763 1803 3843 ejus
1848 3762 2129 3840 laudant,
2158 3759 2348 3822 virtu-

305 3871 438 3929 tem
465 3865 658 3927 animi
685 3865 768 3926 ad
793 3863 1032 3945 caelum
1059 3863 1312 3939 ferunt3
1351 3858 1461 3918 alii
1494 3859 1646 3920 alios
1673 3858 2069 3936 increpantes
2094 3855 2349 3915 timidos
