2775 4192
817 181 906 233 nn
949 181 1311 234 mmmm
1353 182 1875 236 consum-noim.
2390 188 2467 252 31

450 348 492 382 “
507 344 728 426 Longe
753 345 908 420 mihi
933 344 1058 428 glis
1082 365 1260 408 mens
1287 353 1407 422 est,
1432 353 1647 428 patres
1672 346 2031 429 conscripti,
2049 367 2243 430 quum
2268 367 2372 412 res

323 451 516 524 atque
541 441 820 522 pericula
859 448 1076 502 nostra
1119 443 1467 520 considero,
1494 453 1559 504 et
1598 463 1787 523 quum
1831 445 2183 508 sententias
2220 467 2373 507 non-

321 542 632 603 nullorum
656 539 796 619 ipse
837 559 1084 600 mecum
1110 553 1353 626 reputo.
1438 541 1543 602 Illi
1581 541 1733 604 mihi
1770 542 2135 606 disseruisse
2164 545 2375 606 viden·

322 647 428 701 tur
469 641 550 700 de
593 659 800 719 poena
845 657 1080 712 eorum,
1126 637 1233 716 qui
1278 638 1545 716 patriae,
1588 638 1973 718 parentibus,
2018 639 2141 701 aris
2178 649 2371 720 atquc

321 737 480 798 focis
523 738 654 797 suis
703 735 933 796 bellum
977 754 1312 814 paravere:
1373 755 1475 796 res
1520 748 1729 798 autem
1772 745 1987 806 monet
2027 757 2247 808 cavere
2289 739 2369 802 ab
2434 753 2467 801 ε

319 834 442 896 illis
471 835 672 914 magis
699 855 902 912 quam,
923 832 1122 912 quid·
1102 853 1168 892 ιιι
1199 831 1340 892 illos
1369 840 1741 933 statuamus,
1762 834 2134 899 consultare.
2204 833 2369 898 Nam

319 940 530 993 cetera.
559 931 850 992 maleficia
890 937 1029 990 tum
1073 947 1475 1009 persequare,·
1499 930 1609 990 ubi
1645 930 1820 992 facta
1856 939 2040 1009 sunt3
2080 932 2220 1011 hoc,
2250 931 2371 1008 nisi

217 1037 224 1042 “
316 1030 662 1111 provideris
690 1050 770 1090 ne
797 1029 1056 1106 accidat,
1085 1028 1192 1092 ubi
1217 1025 1472 1110 evenit,
1499 1027 1737 1089 frustra
1772 1027 2007 1110 judicia
2040 1029 2401 1136 implores:

315 1135 508 1208 capta
551 1129 726 1205 urbe,
751 1126 909 1187 nihil
947 1127 1018 1186 fit
1059 1100 1282 1208 reliqui
1309 1123 1513 1186 victis
1598 1123 1747 1202 Sed,
1776 1146 1892 1206 per
1930 1127 2085 1188 deos
2126 1105 2391 1190 immor·

314 1225 500 1301 taleS,
549 1246 659 1286 vos
705 1245 830 1307 ego
874 1209 1148 1304 appello,
1189 1221 1298 1303 qui
1343 1241 1589 1302 semper
1634 1220 1873 1300 domos,
1917 1223 2119 1303 villas,
2162 1225 2372 1306 sigua,
2398 1246 2463 1296 ιο

315 1321 564 1384 tabulas
590 1331 832 1384 vestras
859 1321 1052 1402 pluris
1093 1342 1280 1403 quam
1307 1341 1439 1383 rem
1479 1318 1791 1401 publicam
1827 1321 2096 1384 fecistis:
2138 1322 2195 1383 si
2218 1322 2365 1402 ists,

315 1407 778 1501 cujuscumque
817 1420 985 1480 modi
1037 1429 1185 1481 sunt
1231 1438 1395 1498 quae
1452 1417 1916 1498 amplexamini,
1969 1417 2263 1498 retinere,
2308 1421 2364 1482 si

313 1518 746 1598 voluptatibus
770 1517 996 1579 vestris
1037 1519 1238 1577 otium
1278 1515 1584 1597 praebere
1615 1517 1827 1597 vultis,
1856 1516 2363 1598 expergiscimini

311 1615 652 1694 aliquando
679 1621 746 1676 et
773 1615 1082 1695 capessite
1109 1635 1238 1676 rem
1266 1615 1599 1694 publicam.
1685 1613 1749 1674 N
1750 1635 1833 1676 on
1860 1617 2075 1696 agitur
2114 1618 2193 1678 de
2222 1638 2360 1678 vec·

309 1711 615 1792 tigalibus
659 1733 860 1792 neque
907 1714 988 1774 de
1035 1703 1370 1788 soniQQ‘i
1383 1710 1656 1792 injuriisz
1720 1711 1979 1776 libertas
2032 1722 2101 1775 et
2154 1715 2361 1776 anima.
2394 1729 2457 1779 15

310 1815 528 1870 nostra
553 1809 622 1869 in
647 1809 840 1871 dubio
865 1816 984 1871 est.

435 1905 910 1986 Saepenumero,
939 1913 1156 1987 patres
1195 1906 1553 1989 conscripti,
1582 1909 1782 1972 mults
1810 1911 2001 1973 verba
2030 1914 2095 1972 in
2124 1911 2241 1974 hoc
2268 1933 2359 1976 or-

309 2003 458 2064 dine
481 2005 626 2080 feci,
651 2025 838 2087 saepe
865 2004 946 2066 de
973 2005 1217 2091 luxuria
1244 2012 1439 2086 atque
1460 2006 1721 2069 avaritia
1748 2015 2101 2071 nostrorum
2126 2011 2355 2074 civium
2458 2051 2471 2066 ·
2517 2028 2530 2046 ¹
2564 2031 2576 2088 ζ
2606 1999 2637 2022 ”

307 2108 572 2180 questus
599 2123 756 2180 sum,
785 2101 1138 2182 multosque
1167 2103 1461 2166 mortales
1488 2124 1565 2168 ea
1590 2124 1782 2166 causa
1810 2108 2105 2170 adversos
2125 2108 2353 2172 habeo:
2388 2099 2485 2138 ²⁹³

307 2197 426 2286 qui
448 2197 596 2258 mihi
621 2206 812 2278 atque
847 2198 1052 2260 animo
1091 2220 1235 2261 meo
1260 2200 1493 2262 nullius
1533 2222 1803 2282 unquam
1846 2203 2061 2266 delicti
2085 2209 2353 2287 gratiam
2386 2213 2454 2264 20

309 2294 614 2371 fecissem,
655 2295 824 2356 haud
861 2297 1044 2357 facile
1085 2296 1343 2358 alterius
1381 2298 1629 2360 libidini
1675 2300 2007 2364 malefacta
2046 2307 2353 2369 condona·

307 2391 472 2453 bam.
555 2391 683 2454 Sed
707 2413 786 2453 ea
811 2395 1062 2456 tametsi
1084 2415 1192 2456 vos
1213 2415 1391 2476 parm
1415 2398 1807 2476 pendebatis,
1830 2409 2039 2463 tamen
2071 2425 2171 2466 res
2197 2407 2351 2485 pub-
2452 2391 2461 2398 ’

304 2488 426 2550 lica
467 2489 638 2550 firma
675 2497 839 2551 erat.
885 2490 1208 2571 opulentia.
1247 2493 1713 2574 neglegentiam
1754 2497 2081 2565 tolerabat.
2166 2500 2230 2561 N
2230 2523 2352 2564 unc

307 2607 458 2648 vero
503 2607 630 2648 non
672 2587 741 2650 id
783 2590 1015 2669 agitur,
1059 2590 1321 2650 bonisne
1363 2612 1449 2651 an
1497 2591 1677 2655 malis
1723 2584 2002 2659 moribus
2048 2601 2350 2679 vivamus,

305 2704 510 2764 neque
555 2691 864 2766 quantum
904 2699 1015 2748 aut
1069 2707 1256 2768 quam
1299 2689 1699 2770 magnificum
1754 2694 2083 2776 imperium
2132 2697 2350 2780 populi
2381 2707 2447 2756 2⁸

304 2781 573 2843 Romani
597 2782 709 2859 sit3
750 2783 866 2846 sed
906 2783 1081 2861 haec,
1111 2786 1553 2872 cujuscumque
1592 2794 1765 2854 modi
1794 2796 2104 2878 videntur,
2134 2804 2350 2858 nostra

304 2900 388 2939 an
413 2881 735 2942 nobiscum
764 2903 892 2962 una
929 2883 1203 2944 hostium
1233 2886 1443 2947 futura
1468 2890 1611 2952 sint.
1688 2891 1841 2974 Hie„
1845 2895 1997 2954 mihi
2022 2897 2349 2976 quisquam

304 2971 845 3041 mansuetudinem
885 2987 954 3042 et
992 2982 1478 3046 misericordiam
1520 2989 1847 3053 nominat?
1925 2993 2065 3060 Jam
2106 2994 2347 3072 pridem

301 3075 598 3154 equidem
634 3097 750 3137 nos
783 3099 932 3140 vers
978 3081 1284 3144 vocabula
1327 3106 1531 3146 rerum
1576 3087 1932 3166 amisimus3
1994 3091 2141 3168 quia
2180 3091 2349 3150 bona

302 3173 508 3234 aliena
533 3174 748 3253 largiri
790 3175 1156 3258 liberalitas,
1183 3182 1479 3244 malarum
1506 3205 1713 3244 rerum
1754 3186 2011 3248 audacia
2038 3186 2346 3248 fortitudo
2378 3201 2445 3248 80

302 3277 580 3350 vocatur,
621 3293 732 3347 en.
747 3293 848 3334 res
890 3276 1140 3355 publica
1183 3281 1248 3340 in
1295 3288 1578 3340 extremo
1626 3281 1749 3342 sita
1790 3290 1909 3345 est.
1992 3281 2135 3345 Sint
2174 3305 2347 3360 sanc,

301 3369 616 3458 quoniam
625 3371 714 3430 ita
742 3393 810 3433 se
849 3396 1056 3438 mores
1097 3377 1350 3454 habent,
1379 3376 1669 3440 liberales
1696 3399 1775 3440 ex
1816 3381 2121 3441 sociorum
2158 3382 2349 3442 fortu-

300 3463 419 3540 niS,
448 3464 576 3526 sint
603 3470 1082 3536 misericordes
1065 3496 1128 3534 ιιι
1157 3474 1397 3536 furibus
1438 3475 1694 3553 aerarii3
1737 3494 1817 3537 ne
1844 3475 1937 3536 illi
1976 3476 2345 3559 sanguinem

297 3571 584 3626 nostrum
644 3567 1012 3652 largiantur,
1070 3580 1159 3649 et,
1212 3573 1364 3633 dum
1418 3571 1637 3651 paucis
1690 3570 2007 3634 sceleratis
2062 3585 2346 3654 parcunt

297 3660 498 3724 bonos
525 3687 742 3729 omnes
767 3669 1082 3748 perditum
1111 3675 1276 3729 eant.
2376 3680 2441 3728 8⁶

420 3763 598 3826 Bene
625 3771 691 3825 ct
719 3765 1066 3842 composite
1107 3763 1178 3824 O.
1213 3762 1447 3824 Caesar
1486 3761 1671 3838 paulo
1700 3768 1849 3823 snte
1876 3763 1941 3822 in
1983 3764 2100 3826 hoc
2126 3765 2345 3827 ordine

297 3860 382 3921 de
409 3861 544 3921 vita
571 3868 638 3919 et
677 3865 880 3920 morte
922 3859 1236 3936 disseruit,
1263 3860 1449 3918 credo
1476 3855 1633 3918 falsa
1674 3856 2040 3918 existimans
2068 3879 2145 3920 ea
2184 3879 2346 3940 quac
