2775 4192
807 209 898 262 nr
939 209 1308 262 camma
1351 207 1883 262 conmanonn.
2322 211 2403 274 18

285 366 290 367 7
378 373 592 436 XXII.
637 372 846 434 Fuere
891 393 968 435 ea
1011 379 1419 453 tempestate,
1464 373 1577 451 qui
1620 371 1903 432 dicerent
1944 369 2304 449 Catilinam,

259 475 542 534 oratione
574 470 814 548 habita,
847 491 1038 548 quum
1079 472 1160 530 ad
1199 471 1635 550 jusjurandum
1676 468 2013 549 populares
2054 467 2309 530 sceleris

259 572 358 630 sui
399 571 705 649 adigeret,
737 567 988 628 humani
1030 567 1306 647 corporis
1349 568 1721 648 sanguinem
1740 567 1889 642 xlm
1927 564 2305 645 permixtum

257 669 328 728 in
368 667 608 746 pateris
651 666 1148 743 circumtulisse3
1191 667 1340 727 inde
1384 685 1579 746 quum
1624 670 1771 744 post
1816 662 2305 726 exsecrationem

259 785 477 825 omnes
497 733 1026 844 degflsstssflsssnt,
1051 765 1240 824 sicuti
1267 763 1336 823 in
1362 762 1775 824 sollemnibus
1794 762 1987 822 sacris
2006 761 2143 821 fieri
2160 779 2305 821 con-
2372 779 2403 824 ο

260 863 485 938 suevit,
514 860 834 941 aperuisse
861 860 1188 922 consilium
1231 880 1437 939 suum,
1464 866 1657 939 atque
1685 879 1763 920 eo
1790 859 1884 919 ita
1906 857 2155 936 fecisse,
2181 877 2309 938 quo

257 960 426 1018 inter
452 979 522 1020 se
547 959 656 1020 fidi
683 957 886 1038 magis
913 958 1144 1034 forent,
1176 956 1471 1032 alius-alii
1510 958 1677 1016 tanti
1718 956 2009 1017 &cineris
2052 956 2303 1016 conscii.

259 1055 566 1117 Nonnulli
592 1057 738 1116 ficta
767 1063 834 1116 et
861 1055 1017 1116 haec
1057 1063 1124 1116 et
1163 1055 1360 1114 multa
1385 1061 1715 1134 praeterea
1754 1052 2201 1115 existimabant
2226 1053 2309 1114 ab

259 1155 374 1231 eis,
420 1152 530 1233 qui
572 1153 892 1214 Ciceronis
935 1152 1251 1229 invidiam,
1297 1172 1461 1232 quae
1508 1159 1733 1232 postea
1780 1159 1919 1212 orta
1964 1159 2085 1228 est,
2129 1149 2307 1210 leniri

260 1251 602 1325 credebant
631 1250 980 1312 atrocitate·
1005 1249 1254 1312 sceleris
1296 1269 1529 1326 eorum,
1556 1249 1668 1328 qui
1710 1267 1943 1328 poenas
1982 1250 2303 1311 dederant.
2342 1268 2407 1319 10

249 1343 464 1409 ⁴Nobis
492 1368 570 1408 ea
595 1367 698 1408 res
724 1368 838 1428 pro
864 1346 1295 1428 magnitudine
1323 1367 1546 1426 parum
1574 1353 1891 1426 comperta
1920 1353 2037 1409 est.
2289 1361 2355 1456 -f

382 1445 630 1508 XXIII.
676 1445 803 1507 Sed
843 1444 909 1505 in
953 1466 1028 1506 ea
1074 1444 1505 1524 conjuratione
1545 1444 1677 1505 fuit
1722 1443 1798 1518 Q.
1843 1444 2089 1522 Curius,
2116 1453 2307 1506 natus

262 1543 431 1604 haud
473 1542 736 1604 obscuro
784 1544 942 1620 1000,
985 1542 1244 1622 flagitiis
1287 1549 1477 1622 atque
1521 1541 1909 1603 facinoribus
1952 1549 2305 1623 coopertus,

263 1659 446 1718 quem
464 1660 756 1730 censores
783 1648 1006 1700 senatu
1031 1641 1243 1720 probri
1269 1639 1477 1720 gratia
1504 1646 1843 1702 moverant.
1926 1637 2095 1700 Huic
2122 1639 2311 1700 homi-

260 1738 331 1796 ni
371 1757 500 1797 non
541 1736 746 1798 minor
784 1735 1032 1800 vanitas
1071 1739 1276 1798 inerat
1317 1757 1505 1816 quam
1542 1737 1806 1798 audacia
1833 1756 1849 1798 ε
1914 1757 2119 1816 neque
2162 1737 2311 1800 reti-
2344 1751 2405 1800 ιο

261 1855 402 1896 cere
443 1855 604 1914 quae
645 1835 952 1910 audierat,
997 1855 1203 1913 neque
1243 1841 1489 1895 suamet
1531 1834 1667 1914 ipse
1711 1834 1948 1896 scelera
1990 1832 2307 1896 occultare

221 1989 228 1992 ,
261 1951 511 2010 prorsus
538 1951 744 2010 neque
771 1931 978 1992 dicere
1005 1952 1210 2011 neque
1237 1932 1439 1993 facere
1462 1932 1788 2012 quicquam
1811 1933 1991 2011 pensi
2012 1931 2303 1994 habebat.

262 2027 417 2088 Erat
461 2029 522 2090 ei
569 2049 711 2088 cum
752 2027 995 2106 Fulvia,
1023 2029 1282 2090 muliere
1324 2027 1539 2106 nobili,
1582 2031 1786 2110 stupri
1825 2039 2009 2092 vetus
2050 2049 2308 2090 consue-

261 2125 464 2200 tud03
507 2127 610 2184 cui
655 2145 848 2203 quum
900 2124 1106 2186 minus
1153 2137 1376 2205 gratus
1420 2134 1608 2203 esset,
1654 2129 1801 2206 quia
1842 2129 2059 2208 inopia
2102 2129 2309 2190 minus

261 2220 476 2301 largiri
502 2228 773 2302 poterat,
805 2229 1064 2301 repente
1106 2222 1382 2303 glorians
1407 2223 1605 2285 maria
1630 2232 1999 2306 montesque
2028 2225 2308 2306 polliceri
2341 2241 2411 2290 20

261 2318 494 2399 coepit,
541 2326 609 2381 et
651 2319 874 2380 minari
917 2320 1232 2382 interdum
1272 2323 1457 2398 ferro,
1508 2321 1573 2380 ni
1618 2322 1741 2384 sibi
1784 2321 2055 2384 obnoxia
2096 2323 2307 2400 foret3

259 2423 582 2496 postremo
616 2416 883 2478 ferocius
923 2417 1162 2497 agitare
1204 2438 1393 2496 quam
1434 2417 1655 2478 solitus
1694 2426 1848 2482 erat.
1934 2419 2027 2480 At
2066 2418 2309 2499 Fulvia,

259 2513 634 2574 insolentiae
663 2513 835 2575 Curii
861 2535 1050 2575 causa
1077 2513 1353 2594 cognita,
1380 2514 1509 2575 tale
1536 2515 1875 2594 periculum
1902 2517 1991 2577 rei
2021 2516 2307 2596 publicae

215 2616 222 2636 ⁸
262 2610 430 2671 haud
471 2611 786 2672 occultum
829 2611 1070 2689 habuit,
1111 2613 1242 2688 sed,
1285 2611 1533 2674 sublato
1574 2621 1845 2692 auctore,
1873 2615 1953 2676 de
1996 2613 2307 2676 Catilinae

261 2707 696 2786 conjuratione
723 2729 886 2788 quae
913 2729 1162 2788 quoque
1189 2710 1376 2770 modo
1404 2711 1691 2771 audierat
1720 2711 2143 2792 compluribus
2169 2733 2305 2773 nar-
2342 2727 2407 2775 25

261 2807 446 2868 ravit.
529 2805 626 2866 Ea
654 2825 754 2868 res
779 2805 847 2866 in
874 2805 1089 2884 primis
1129 2807 1341 2867 studia
1381 2807 1703 2868 hominum
1744 2808 2035 2870 accendit
2060 2809 2142 2869 ad
2166 2829 2311 2870 con-

264 2901 533 2964 sulatum
577 2903 996 2964 mandandum
1034 2902 1118 2966 M.
1149 2903 1354 2964 Tullio
1400 2903 1706 2968 Ciceroni.
1791 2905 2079 2984 Namque
2118 2912 2309 2966 antea

262 3000 558 3080 pleraque
601 3000 896 3062 nobilitas
937 3000 1176 3062 invidia
1217 3001 1569 3078 aestuabat,
1602 3009 1669 3064 et
1704 2989 1889 3083 quasi
1930 3002 2126 3082 pollui
2166 3023 2309 3064 con·

262 3097 536 3158 sulatum
578 3098 936 3174 credebant,
967 3099 1192 3160 sicum
1218 3100 1501 3178 quamvis
1544 3102 1841 3180 egregius
1881 3099 2067 3160 homo
2111 3121 2307 3162 novus

262 3196 532 3274 adeptus
571 3197 753 3256 foret.
839 3195 970 3256 Sed
1008 3196 1116 3256 ubi
1158 3195 1497 3276 periculum
1538 3197 1811 3274 advenit,
1840 3195 2079 3259 invidia
2118 3205 2309 3280 atque
2344 3217 2409 3265 80

262 3293 558 3370 superbia
583 3301 729 3371 post
755 3293 953 3354 suere.

384 3388 629 3452 XXIV.
671 3389 880 3468 Igitur
907 3391 1178 3450 comitiis
1217 3389 1453 3450 habitis
1478 3388 1769 3452 consules
1802 3391 2196 3452 declarantur
2220 3391 2305 3454 M.

262 3484 504 3546 Tullius
543 3494 612 3548 et
657 3485 726 3548 C.
773 3486 1110 3550 Antonius,
1211 3485 1399 3560 Quod
1446 3489 1679 3549 factum
1730 3490 1928 3567 primo
1974 3487 2309 3568 populares

263 3582 714 3662 conjurationis
771 3590 1204 3646 concusserat:
1261 3605 1464 3664 neque
1511 3592 1727 3662 tamen
1774 3570 2085 3647 Catilinae
2138 3586 2311 3646 furor

261 3678 684 3759 minuebatur,
713 3681 826 3740 sed
861 3680 930 3740 in
969 3681 1104 3742 dies
1146 3680 1348 3762 plura„
1365 3681 1655 3764 agitare;
1698 3703 1869 3743 arma
1909 3702 2024 3762 per
2062 3681 2311 3743 Italiam
2344 3699 2407 3746 8⁸

263 3774 420 3836 locis
445 3778 820 3858 opportunis
859 3798 1104 3857 parare,
1133 3777 1464 3858 pecuniam
1506 3799 1621 3839 sua
1660 3787 1773 3840 aut
1811 3780 2144 3840 amicorum
2190 3781 2309 3842 fide

265 3881 580 3954 sumptam
608 3881 890 3935 mutuam
918 3875 1220 3936 Faesulas
1247 3876 1330 3937 ad
1369 3875 1673 3960 Manlium
1700 3877 2010 3955 quendam
2035 3881 2307 3954 portare,
