2775 4192
813 199 902 253 nn
947 199 1314 253 mmmm
1357 199 1897 256 ooummnoxn.
2330 205 2411 266 ιε

263 371 400 425 tem
447 363 762 441 Etruriae,
806 361 1176 442 Septimium
1221 364 1533 444 quendam
1584 363 1939 426 Camertem
1980 365 2050 426 in
2094 383 2313 446 agrum

268 461 588 536 Picenum,
621 460 689 520 C.
718 460 761 520 J
763 459 954 520 ulium
993 459 1062 520 in
1087 459 1386 539 Apuliam
1434 459 1669 564 dinssscit
1698 481 1714 536 3
1757 469 2084 540 praeterea
2128 460 2315 522 alium

269 556 414 633 alic,
443 576 630 635 quem
655 556 888 632 ubique
915 566 1331 636 opportunum
1359 555 1479 616 sibi
1508 557 1651 644 soffi-
1666 557 1977 618 credebat.
2062 557 2315 619 Interea

268 654 510 715 Romae
533 654 728 714 multa
745 653 935 714 simul
955 653 1196 715 moliri:
1239 653 1481 716 consuli
1506 653 1765 716 insidias
1792 656 2073 731 tendere,
2094 675 2314 734 parare

217 815 224 820 ,
267 752 580 829 incendia,
601 758 956 831 opportuna
973 750 1110 812 loca
1137 739 1409 827 armatis*
1422 735 1787 834 hominilQ-iss·
1804 751 2093 828 obsi-dege
2118 771 2137 828 ;
2179 714 2413 832 ipses]

267 869 410 910 cum
435 849 570 910 telo
597 869 756 926 esse,
782 850 938 909 item
964 848 1120 910 alios
1160 839 1399 930 jubere,
1426 847 1664 924 hortari
1692 851 1785 910 uti
1814 869 2061 929 semper
2084 848 2317 910 intenti

265 949 600 1026 paratique
627 923 876 1038 ςὲέέῆίς
918 945 1052 1005 dies
1079 941 1423 1025 noctesque
1450 944 1771 1024 festinare,
1798 945 2081 1026 vigilare,
2109 964 2315 1025 neque

267 1043 596 1103 insomniis
621 1063 826 1122 neque
850 1042 1063 1104 labore
1102 1041 1379 1124 fatigari.
1465 1041 1795 1106 Postremo
1826 1043 1933 1104 ubi
1955 1041 2157 1120 guma
2186 1043 2317 1124 agi·

236 1141 436 1224 Qi
462 1137 618 1200 nihil
645 1139 946 1219 procedit,
975 1160 1188 1201 rursus
1213 1139 1599 1220 intempesta
1641 1152 1825 1202 nocte
1866 1139 2315 1220 conjurationis

269 1239 592 1317 principes
643 1243 946 1300 convocat
997 1257 1196 1316 penes
1252 1237 1339 1301 M.
1396 1237 1691 1298 Porcium
1746 1237 2035 1313 Laecam,
2082 1235 2315 1317 ibique,
2352 1248 2416 1298 10

267 1333 467 1395 multa
495 1335 578 1396 de
600 1333 852 1415 ignavia
892 1354 1105 1396 eorum
1145 1342 1431 1415 questus,
1460 1335 1649 1396 docet
1688 1355 1759 1397 se
1800 1333 2104 1396 Manlium
2139 1353 2317 1414 prae·

267 1421 520 1493 misisse
546 1433 630 1492 ad
655 1451 792 1492 eam
819 1429 1280 1493 multitudinem
1319 1451 1502 1511 quam
1540 1432 1625 1492 ad
1662 1431 1973 1510 capiunda
2014 1451 2185 1491 arma
2207 1449 2318 1510 pae-

269 1536 537 1606 raverat,
566 1530 719 1590 item
749 1527 908 1589 alios
933 1527 1000 1588 in
1027 1529 1154 1590 alia
1179 1529 1320 1590 loca
1347 1535 1724 1610 opportuna,
1754 1527 1865 1608 qui
1890 1528 2141 1588 initium
2168 1526 2317 1588 belli

269 1627 578 1704 Qgent,
617 1645 811 1706 seque
859 1626 942 1687 ad
995 1626 1333 1688 exercitum
1381 1627 1691 1707 proficisci
1738 1645 1988 1705 cupere,
2034 1627 2091 1686 si
2144 1627 2317 1705 prius

272 1725 630 1787 Ciceronem
652 1724 1067 1803 oppmfl‘nflet
1093 1743 1110 1799 ;
1139 1744 1282 1783 eum
1301 1724 1437 1787 suis
1462 1723 1736 1784 consiliis
1760 1723 2024 1784 multum
2052 1724 2315 1784 officere.
2354 1729 2417 1780 1⁸

391 1820 704 1883 XXVIII.
749 1819 972 1900 Igitur,
999 1820 1354 1901 perterritis
1388 1841 1465 1882 ac
1498 1819 1934 1882 dubitantibus
1962 1821 2211 1897 ceteris,
2242 1817 2313 1882 G.

273 1917 602 1980 Cornelius
632 1937 824 1996 eques
865 1917 1182 1979 Romanus
1222 1937 1473 1996 operam
1516 1937 1692 1978 suam
1730 1917 2052 1998 pollicitus
2080 1924 2149 1978 et
2176 1935 2319 1978 cum

271 2037 350 2079 eo
376 2017 448 2080 L.
481 2016 908 2097 Vargunteius
935 2027 1188 2076 senator
1213 2016 1601 2076 constituere
1630 2035 1707 2076 ea
1736 2022 1921 2076 nocte
1960 2011 2147 2094 paulo
2173 2019 2319 2093 post

271 2136 415 2176 cum
442 2117 698 2176 armatis
724 2112 1082 2175 hominibus
1103 2113 1291 2172 sicuti
1311 2111 1651 2182 salutatum
1678 2111 1937 2172 introire
1966 2112 2047 2172 ad
2074 2111 2319 2174 Cicero-

270 2234 418 2275 nem
471 2233 546 2273 ac
587 2213 674 2272 ‘de
721 2210 1062 2291 improviso
1116 2210 1288 2279 domi
1337 2229 1489 2270 suae
1538 2211 1911 2288 imparatum
1962 2210 2317 2282 congodere.
2354 2219 2419 2267 20

273 2311 500 2373 Curius
527 2310 637 2370 ubi
665 2306 978 2387 intellegit
1011 2313 1313 2388 quantum
1353 2305 1620 2386 periculi
1660 2287 1929 2371 consuli?
1942 2305 2320 2386 impendeat,

271 2429 538 2489 propere
565 2427 680 2486 per
705 2405 995 2466 Fulviam
1037 2402 1324 2465 Ciceroni
1365 2401 1575 2464 dolum
1618 2402 1727 2482 qui
1766 2404 2104 2482 parabatur
2129 2423 2321 2462 enun-

271 2496 414 2567 tiat.
499 2507 603 2565 Ita
630 2503 742 2580 illi,
772 2502 964 2583 janua
990 2500 1310 2582 prohibiti,
1339 2506 1593 2561 tantum
1632 2501 1877 2562 facinus
1917 2500 2151 2560 frustra
2189 2520 2321 2560 sus-

161 2676 166 2680 ,
227 2601 232 2607 ’
271 2608 592 2683 ceperant.

395 2701 646 2760 Interea
673 2695 946 2759 Manlius
981 2696 1048 2757 in
1089 2693 1342 2756 Etruria
1367 2694 1621 2774 plebem
1652 2693 2005 2772 sollicitare,
2034 2702 2321 2775 egestate
2356 2705 2421 2752 25
2487 2749 2493 2754 .
2566 2696 2573 2702 ’

277 2797 462 2858 simul
509 2817 583 2857 ac
632 2796 846 2857 dolore
893 2792 1158 2874 injuriae
1209 2813 1507 2853 novarum
1552 2813 1755 2852 rerum
1799 2791 2114 2872 QniAQh
2154 2792 2323 2872 quod

275 2893 488 2956 Sullae
505 2893 946 2955 ⁴dominatione
975 2910 1162 2970 agros
1202 2889 1493 2968 bonaque
1520 2888 1729 2950 omnia
1770 2890 2106 2964 amiserat3
2146 2910 2323 2968 prae-

272 2997 454 3052 terea
507 2990 786 3052 latrones
834 2977 1138 3068 cujusque
1186 2987 1459 3067 generis,
1512 3007 1773 3065 quorum
1821 2987 1883 3044 in
1942 3006 2019 3045 ea
2066 2987 2323 3065 regione

277 3108 506 3168 magna
545 3087 729 3167 copia
769 3092 925 3162 erat,
955 3084 1288 3146 nonnullos
1333 3103 1416 3146 ex
1460 3081 1729 3146 Sullanis
1772 3082 2050 3158 coloniis,
2096 3083 2325 3161 quibus

274 3184 476 3245 libido
501 3191 694 3263 atque
721 3183 966 3244 luxuria
995 3203 1074 3242 ex
1103 3182 1348 3260 magnis
1375 3180 1609 3260 rapinis
1632 3179 1789 3238 nihil
1818 3177 2039 3258 reliqui
2068 3179 2320 3241 fecerat.
2347 3197 2425 3249 ,30

397 3281 642 3343 ΧΧΙΧ.
685 3279 783 3341 Ea
811 3299 1001 3358 quum
1043 3277 1330 3340 Ciceroni
1369 3276 1828 3353 nuntiarentur,
1860 3261 2139 3354 ancipiti}
2165 3259 2372 3360 malo?-

276 3386 616 3458 pw,
655 3379 824 3457 quod
867 3396 1070 3455 neque
1111 3375 1325 3436 urbem
1369 3375 1452 3435 ab
1493 3373 1737 3434 insidiis
1774 3373 2021 3454 privato
2066 3373 2327 3436 consilio

277 3475 530 3555 longius
555 3475 1019 3554 tueri-poterat,
1049 3493 1252 3552 neque
1293 3473 1602 3534 exercitus
1646 3470 1861 3531 Manlii
1902 3477 2173 3550 quantus
2214 3478 2326 3531 aut

278 3593 404 3652 quo
433 3572 698 3634 consilio
720 3574 907 3650 ἐπεὶ
931 3571 1086 3631 satis
1126 3577 1514 3656 compertum
1554 3569 1846 3644 habebat,
1878 3587 2008 3629 rem
2046 3569 2128 3629 ad
2155 3587 2327 3629 sena·

277 3676 416 3731 tum
459 3670 671 3747 refert,
698 3667 826 3748 jam
869 3675 1056 3728 antea
1091 3666 1279 3746 Εἷς-ἰ,
1313 3666 1662 3727 rumoribus
1704 3666 2117 3744 exagitatum.
2199 3665 2327 3726 Ita·
2361 3678 2425 3726 8⁸

281 3787 423 3846 que,
453 3768 622 3847 quod
646 3766 1016 3870 plerumque
1055 3764 1120 3823 in
1161 3762 1362 3823 atroci
1402 3763 1664 3843 negotio
1706 3760 1889 3836 solet,
1921 3768 2181 3822 senatus
2221 3763 2327 3821 de·

279 3864 498 3939 crevit,
515 3832 768 3948 22-de
786 3877 1046 3939 operam
1071 3859 1373 3942 consules,
1403 3875 1483 3918 nc
1509 3857 1676 3940 qup'd
1696 3873 1796 3917 ree
1826 3854 2095 3934 publica
2134 3855 2326 3916 detri-
2379 3885 2387 3892 ·
