2775 4192
777 191 868 244 ns
911 191 1278 244 cai-mmm
1321 191 1852 245 consummem
2356 197 2427 260 11

289 350 418 420 sos.
499 355 640 418 Nos
679 377 818 418 eam
857 377 988 418 rem
1026 357 1096 416 in
1137 357 1344 418 medio
1369 355 1807 436 relinquemus.
1890 355 1989 416 De
2016 357 2337 437 superiore

291 453 726 533 conjuratione
755 453 912 514 satis
937 455 1192 516 dictum.

412 549 562 611 XX.
606 548 898 624 Catilina,
925 548 1038 609 ubi
1077 569 1208 625 eOS,
1240 570 1397 628 quos
1424 548 1611 628 paulo
1636 555 1787 609 ante
1814 550 2169 626 memoravi,
2196 569 2337 616 eon-

289 645 544 707 venisse
588 647 785 724 videt,
825 647 1080 723 tametsi
1125 666 1264 706 cum
1311 645 1577 724 sing-ulis
1620 643 1818 704 multa
1864 665 2053 724 saepe
2097 653 2333 725 egerat,

291 751 504 804 tamen
526 744 752 820 inge—m
772 743 1547 820 Qe-‚e-redegsfluniyersos
1566 739 1881 821 appellare
1908 748 1975 802 et
2004 743 2335 821 cohortari,
2402 756 2433 804 ὅ

293 840 359 906 in
387 841 660 902 abditam
693 849 934 920 partem
961 839 1208 902 aedium
1233 840 1493 916 secedit,
1520 848 1714 932 atque
1749 839 1837 898 ibi
1864 840 2150 900 omnibus
2176 841 2337 902 arbi·

289 937 410 997 tris
438 934 650 1014 procul
677 935 905 996 amotis
932 936 1274 995 orationem
1299 923 1757 1015 huquffli
1784 934 2038 998 habuit:

419 1035 460 1066 “
481 1032 572 1093 Ni
601 1032 796 1095 virtus
836 1033 1112 1112 fidesque
1141 1040 1350 1092 vestra
1375 1039 1665 1112 spectata
1690 1030 1842 1092 mihi
1868 1033 2094 1110 forent,
2120 1034 2337 1113 nequi-

291 1149 481 1208 quam
509 1140 864 1210 opportuna
893 1150 996 1189 res
1032 1129 1354 1191 cecidisset
1384 1150 1403 1206 ;
1446 1149 1593 1209 spes
1621 1149 1869 1208 magna,
1896 1129 2241 1191 dominatio
2265 1131 2333 1190 in

291 1225 582 1286 manibus
623 1226 860 1288 frustra
907 1227 1180 1286 fuissent
1203 1245 1224 1302 3
1275 1246 1483 1306 neque
1528 1247 1651 1306 ego
1696 1245 1813 1307 per
1856 1227 2173 1304 ignaviam
2220 1234 2331 1288 aut
2368 1237 2435 1286 10

290 1342 454 1384 vana
479 1323 738 1407 ingenia
761 1325 1000 1384 incerta
1019 1343 1136 1403 pro
1159 1325 1350 1386 certis
1376 1330 1711 1404 captarem.
1794 1323 1917 1385 Sed
1946 1323 2093 1404 quia
2118 1325 2335 1386 multis

291 1427 362 1480 et
389 1420 634 1500 magnis
671 1407 1156 1500 tempestatibus
1183 1441 1298 1482 vos
1327 1421 1595 1502 cognovi
1621 1420 1823 1482 fortes
1850 1421 2129 1500 fidosque
2156 1422 2330 1498 mihi,

292 1537 372 1579 eo
396 1517 638 1578 animus
663 1539 854 1579 ausus
881 1525 982 1579 est
1009 1521 1344 1579 maximum
1371 1526 1563 1598 atque
1586 1517 2063 1598 pulcherrimum
2092 1520 2333 1580 facinus

291 1614 570 1694 incipere
595 1635 614 1690 3
655 1613 842 1674 simul
867 1615 1012 1694 quia
1040 1614 1215 1676 vobis
1241 1615 1463 1676 eadem
1490 1633 1653 1694 quae
1680 1615 1829 1676 mihi
1854 1617 2021 1676 bona
2046 1616 2333 1696 malaque

293 1731 434 1776 esse
467 1711 776 1774 intellexi.
861 1712 1024 1772 Nam
1062 1713 1230 1773 idem
1256 1711 1425 1774 velle
1464 1724 1655 1791 atque
1694 1712 1860 1773 idem
1899 1713 2191 1796 noue,‚ea
2228 1713 2332 1774 de·
2370 1730 2433 1779 15

291 1829 461 1869 mum
487 1809 670 1869 firma·
689 1808 960 1872 amicitia
985 1816 1102 1873 est.

416 1905 544 1968 Sed
570 1927 694 1987 ego
719 1929 879 1987 quae
917 1914 1130 1970 mente
1173 1907 1435 1989 agitavi,
1460 1929 1675 1970 omnes
1707 1909 1839 1990 jam
1877 1916 2067 1970 antea
2104 1908 2337 1970 diversi

292 2004 576 2066 audistis.
662 2005 952 2068 Ceterum
993 2007 1150 2068 mihi
1187 2006 1433 2093 {njfies
1460 2008 1659 2087 magis
1687 2007 1928 2068 animus
1954 2006 2332 2082 accenditur,

291 2121 480 2180 quum
510 2104 840 2165 considero
878 2125 1040 2185 quae
1065 2088 1348 2166 condicio
1376 2103 1549 2166 vitae
1573 2104 1787 2165 futura
1814 2106 1918 2183 sit,
1944 2105 2063 2166 nisi
2090 2111 2333 2165 nosmet

173 2203 180 2207 “
289 2199 420 2279 ipsi
447 2200 830 2262 vindicamus
855 2201 919 2262 in
948 2202 1323 2265 libertatem.
1406 2203 1573 2264 Nam
1597 2210 1931 2283 postquam
1956 2225 2057 2265 res
2083 2203 2333 2285 publica
2364 2221 2432 2270 m

291 2298 354 2357 in
383 2317 722 2376 paucorum
751 2299 1108 2378 potentium
1135 2299 1242 2380 jus
1269 2307 1463 2380 atque
1488 2299 1795 2363 dicionem
1824 2301 2151 2379 concessit,
2178 2321 2335 2362 sem-

289 2415 408 2474 per
431 2395 555 2456 illis
583 2416 785 2479 reges,
814 2397 1166 2459 tetrarchae
1193 2396 1539 2476 vectigales
1564 2418 1741 2476 esse3
1780 2398 2016 2477 populi,
2044 2399 2333 2460 nationes

293 2493 610 2572 stipendia
660 2494 934 2572 pendere
961 2513 979 2569 3
1035 2491 1234 2556 ceteri
1281 2514 1520 2572 omnes,
1568 2497 1823 2571 strenui,
1873 2495 2042 2572 boni,
2090 2494 2335 2556 nobiles

229 2589 235 2595 ’
293 2595 484 2668 atque
510 2587 839 2668 ignobileS,
859 2589 1090 2672 vulgus
1116 2591 1346 2652 fuimus
1373 2593 1511 2652 sine
1530 2591 1753 2672 gratia,
1774 2593 1911 2652 sine
1938 2590 2331 2669 auctoritate,

291 2686 385 2746 eis
407 2685 700 2770 obnoxii,
729 2687 974 2766 quibus,
1001 2688 1060 2748 si
1099 2672 1493 2768 respublica
1531 2688 1788 2765 valeret,
1816 2688 2131 2751 formidini
2172 2708 2333 2748 esse·
2366 2702 2432 2754 25

294 2802 448 2844 mus.
533 2783 758 2862 Itaque
796 2785 998 2845 omnis
1037 2787 1262 2865 gratia,
1291 2786 1604 2864 potentia,
1636 2784 1850 2862 honos,
1878 2784 2137 2846 divitiae
2166 2787 2333 2864 apud

290 2878 434 2940 illos
463 2887 612 2942 sunt
639 2888 750 2941 aut
778 2882 887 2941 ubi
926 2881 1018 2942 illi
1047 2883 1302 2959 volunt3
1343 2883 1530 2942 nobis
1569 2882 1883 2960 reliquere.
1914 2882 2209 2963 pericula,
2239 2904 2334 2943 re·

291 2976 521 3056 pulsas,
547 2978 797 3058 judicia,
838 2986 1206 3059 egestatem.
1291 2977 1471 3052 Quae
1512 2999 1835 3060 quousque
1879 2981 2135 3041 tandem
2174 2979 2333 3060 pati-

291 3076 503 3154 emini,
523 3075 1040 3158 fortissimiviifij
1106 3075 1335 3137 Nonne
1362 3077 1558 3138 emori
1582 3099 1698 3157 per
1718 3077 2013 3136 virtutem
2032 3084 2333 3156 praestat,

291 3191 478 3250 quam
507 3171 696 3234 vitam
727 3172 1010 3233 miseram
1049 3180 1238 3252 atque
1279 3174 1693 3252 inhonestam,
1720 3173 1828 3234 ubi
1856 3173 2093 3234 alienae
2120 3194 2323 3253 super·
2366 3183 2431 3234 80

290 3267 434 3328 biae
460 3237 730 3340 luflss-{io
757 3268 970 3348 fueris,
997 3290 1112 3349 per
1130 3270 1405 3331 dedecus
1435 3271 1727 3332 amittere
1743 3272 1774 3333 1³
2290 3327 2303 3332 -

412 3365 648 3436 Verum
677 3365 1014 3444 enimvero,
1041 3387 1157 3446 pro
1184 3368 1371 3428 deum
1400 3373 1593 3447 atque
1634 3367 1947 3428 hominum
1977 3369 2179 3446 fidem,
2209 3370 2331 3430 vic-

287 3462 450 3522 toria
477 3463 544 3522 in
570 3483 756 3524 manu
781 3433 974 3536 {ab}
989 3472 1086 3522 est
1111 3483 1128 3539 3
1173 3465 1346 3544 viget
1373 3471 1573 3540 aetaS‚
1602 3464 1845 3524 animus
1872 3464 2075 3527 valet:
2118 3473 2332 3526 contra

287 3557 415 3620 illis
463 3558 640 3620 annis
687 3568 880 3642 atque
922 3561 1160 3620 divitiis
1212 3560 1441 3622 omnia·
1476 3569 1951 3622 consenuerunt.
2056 3561 2331 3623 Tantum

290 3656 474 3716 modo
499 3624 756 3736 iffgeffib
797 3675 954 3734 opus
983 3665 1100 3730 est,
1131 3664 1340 3718 ceteta
1379 3677 1481 3718 res
1520 3658 1828 3736 expediet.
1913 3658 2164 3719 Etenim
2194 3659 2333 3738 quis
2368 3673 2429 3722 81

289 3753 661 3830 mortalium,
712 3753 818 3813 cui
866 3752 1044 3812 virile
1091 3752 1417 3832 ingenium
1464 3760 1581 3828 est,
1632 3755 1898 3813 tolerare
1944 3761 2162 3833 potest
2206 3755 2332 3816 illis

207 3883 212 3888 ·
291 3847 544 3910 divitias
597 3867 912 3970 azuperare,
957 3867 1114 3927 quas
1167 3848 1551 3928 profundant
1612 3850 1681 3908 in
1734 3850 2125 3910 extrudendo
2176 3849 2335 3910 mari
