2775 4192
901 777 971 842 ο.
1014 774 1463 868 SALLUs‘m
1504 773 1787 837 omem

1299 937 1386 982 DE

325 1075 1451 1186 OONJURATIONE
1566 1071 2365 1182 CATILINAE

1193 1359 1497 1430 LIBER.

443 1767 496 1832 1.
539 1766 778 1831 Ome
817 1766 1122 1846 homines,
1148 1767 1258 1846 qui
1297 1785 1438 1828 sese
1478 1745 1738 1826 student
1778 1771 2101 1846 praestare
2137 1765 2363 1828 ceteris

323 1865 716 1943 animalibus,
745 1886 982 1927 summa
1009 1886 1131 1946 ope
1155 1863 1274 1924 niti
1302 1865 1508 1942 decet,
1533 1883 1616 1924 ne
1642 1864 1838 1924 vitam
1866 1862 2120 1924 silentio
2158 1870 2361 1924 trans-

321 1972 473 2026 eant
497 1963 694 2025 veluti
732 1983 978 2044 pecora,
1009 1983 1168 2042 quae
1208 1968 1437 2021 natura
1478 1981 1673 2042 prona
1714 1969 1907 2041 atque
1933 1959 2143 2040 ventri
2181 1961 2362 2022 oboe-

323 2059 564 2122 dientia
589 2060 788 2122 finxit.
875 2059 1002 2121 Sed
1040 2064 1255 2120 nostra
1294 2057 1616 2122 omnis‘vis
1656 2056 1725 2118 in
1765 2058 1973 2118 animo
2010 2064 2076 2117 et
2104 2078 2359 2139 corpore

323 2155 450 2216 sita
492 2163 618 2219 est:
659 2156 851 2218 animi
893 2157 1177 2236 imperio,
1218 2156 1493 2236 corporis
1538 2154 1793 2216 servitio
1835 2155 2037 2236 magis
2082 2155 2359 2233 utimur3
2428 2162 2459 2210 ³

322 2252 591 2316 alterum
617 2256 963 2330 ngbssis-cum
989 2252 1144 2331 deis,
1172 2251 1435 2314 alterum
1463 2273 1599 2313 cum
1627 2252 1833 2314 beluis
1872 2275 2199 2317 commune
2241 2261 2355 2316 est.

325 2349 468 2426 Quo
522 2351 670 2411 mihi
730 2341 966 2414 rectius
1018 2350 1269 2412 videtur
1322 2348 1563 2430 ingenii
1616 2371 1799 2429 quam
1856 2353 2083 2414 virium
2137 2353 2406 2434 opibus--

323 2448 584 2529 gloriam
611 2469 930 2528 quaerere,
959 2454 1048 2526 et,
1074 2447 1369 2527 quoniam
1394 2447 1527 2509 vita
1555 2446 1693 2526 ipsa
1721 2469 1843 2528 qua
1869 2449 2129 2511 fruimur
2154 2450 2361 2513 brevis

325 2551 443 2621 est,
465 2544 821 2610 memoriam
840 2545 1040 2605 nostri
1065 2565 1251 2624 quam
1277 2543 1545 2604 maxime
1571 2545 1824 2627 longam
1856 2549 2112 2613 efficere.
2196 2549 2359 2611 Nam

325 2640 678 2702 divitiarum
705 2649 772 2702 et
800 2641 1032 2703 formae
1066 2641 1267 2722 gloria
1307 2643 1475 2703 fluxa
1514 2647 1704 2724 atque
1732 2647 1981 2728 fragilis
2010 2654 2128 2725 est,
2158 2649 2361 2710 virtus
2396 2652 2462 2702 10

324 2741 486 2802 clara
513 2747 890 2820 aeternaque
917 2739 1202 2802 habetur.

448 2838 574 2898 Sed
617 2837 727 2898 diu
773 2857 1068 2916 magnum
1116 2838 1283 2898 inter
1329 2841 1625 2904 mortales
1668 2849 1984 2906 certamen
2025 2843 2165 2922 fuit,
2214 2842 2358 2930 xLi-ne

326 2934 597 3015 corporis
638 2955 716 2995 an
746 2932 979 2996 virtute
1023 2936 1214 2996 animi
1255 2957 1356 2998 res
1399 2939 1687 3000 militaris
1728 2943 1930 3021 magis
1970 2943 2355 3020 procederet.

325 3033 488 3094 Nam
525 3039 590 3095 et
636 3031 807 3112 prius
850 3053 1032 3112 quam
1077 3032 1338 3118 incipias
1374 3036 1685 3116 consulto,
1714 3044 1779 3099 et
1823 3037 1933 3097 ubi
1978 3036 2361 3098 consulueris

325 3136 565 3189 mature
591 3129 765 3188 facto
793 3149 952 3210 opus
979 3137 1094 3192 est.
1179 3133 1280 3192 Ita
1320 3143 1653 3212 utrumque
1697 3154 1807 3213 per
1845 3155 1914 3194 se
1955 3133 2247 3214 indigens
2274 3134 2361 3194 al·
2398 3146 2458 3194 1³

326 3233 526 3286 terum
552 3225 806 3287 alterius
833 3227 1066 3286 auxilio
1093 3237 1301 3310 eget..g

445 3324 527 3385 11.
571 3324 777 3404 Igitur
815 3325 999 3387 initio
1034 3348 1445 3408 reges—nam
1472 3328 1533 3387 in
1562 3327 1745 3388 terris
1773 3347 1998 3388 nomen
2024 3325 2268 3409 imperii
2294 3327 2359 3388 id

325 3422 586 3500 primum
627 3423 1084 3502 fuit—diversi,
1127 3445 1274 3514 pars
1316 3424 1655 3505 ingenium,
1700 3424 1807 3484 alii
1851 3445 2077 3505 corpus
2120 3445 2364 3486 exerce·

325 3517 476 3578 bant
500 3538 517 3579 ε
543 3523 748 3582 'etiam
776 3530 912 3583 tum
932 3513 1066 3584 vita
1091 3521 1414 3582 hominum
1442 3521 1576 3583 sine
1604 3521 1949 3602 cupiditate
1978 3522 2359 3600 agitabatur,

326 3636 438 3676 sua
481 3617 705 3700 cuique
749 3621 904 3680 satis
951 3619 1299 3699 placebant.
1386 3619 1618 3678 Postea
1661 3640 1813 3681 vero
1856 3638 2044 3698 quam
2090 3619 2157 3678 in
2207 3617 2364 3682 Asia
2397 3626 2463 3676 20

327 3713 547 3796 CyruS,
586 3718 653 3777 in
697 3717 964 3779 Graecia
1007 3715 1483 3775 Lacedaemonii
1523 3721 1591 3776 et
1627 3714 2055 3776 Athenienses
2098 3735 2361 3796 coepere

323 3813 514 3874 urbes
532 3822 726 3894 atque
752 3813 1043 3872 nationes
1063 3812 1370 3890 subigere,
1387 3810 1710 3873 libidinem
1727 3809 2086 3872 dominandi
2113 3829 2363 3870 causam
