2775 4192
337 186 418 248 22
915 181 972 234 c.
1005 179 1352 234 munus-1⁸11
1397 181 1615 257 ca1s1>1
1658 181 1863 234 usna

436 345 564 420 Ille,
583 365 692 406 eos
718 343 787 405 in
813 346 1064 406 domum
1091 345 1168 408 D.
1199 345 1386 426 Bruti
1426 345 1733 424 perducit,
1762 346 1931 426 quod
1956 345 2097 407 foro
2122 348 2472 429 propinqua

435 450 590 518 erat,
619 462 822 523 neque
851 441 1056 503 aliena
1083 439 1326 502 consilii
1365 447 1622 521 propter
1661 441 2124 521 Semproniam3
2164 463 2310 504 nam
2338 452 2474 506 tum

435 540 673 600 Brutus
721 539 802 600 ab
845 538 1048 598 Roma
1089 538 1326 600 aberat.
1427 538 1765 600 Praeterea
1808 538 2145 600 Gabinium
2190 541 2474 620 arcessit,

435 656 560 718 quo
589 637 786 716 major
813 636 1156 696 auctoritas
1183 636 1454 695 sermoni
1480 633 1734 696 inesset.
1821 635 1917 695 Eo
1958 645 2291 715 praesente
2330 658 2473 699 con·

371 750 401 796 15
433 733 808 814 jurationem
836 732 1058 811 aperit,
1089 731 1372 792 nominat
1414 734 1630 808 socios,
1661 738 1988 811 praeterea
2013 733 2245 794 multos
2270 735 2474 816 cujus-

433 850 556 910 que
598 830 850 910 generis
890 828 1198 904 innoxios,
1225 849 1353 908 999
1401 827 1635 908 legatis
1676 827 1920 889 animus
1962 828 2229 908 amplior
2266 838 2473 909 esset3

434 929 664 988 deinde
693 948 802 989 eos
830 925 1140 1006 pollicitos
1167 945 1423 1004 operam
1450 946 1623 986 suam
1650 926 1901 984 domum
1931 924 2213 988 dimittit.

553 1025 722 1088 XLI.
765 1025 893 1086 Sed
921 1023 1297 1102 Allobroges
1324 1021 1436 1082 diu
1473 1021 1541 1082 in
1580 1023 1825 1082 incerto
1850 1021 2143 1099 habuere,
2173 1009 2473 1103 quidnam

433 1121 680 1182 consilii
705 1128 1017 1202 caperent.
1099 1120 1175 1180 In
1201 1117 1401 1180 altera
1438 1132 1621 1198 parte
1658 1126 1795 1180 erat
1822 1139 1932 1180 aes
1958 1118 2250 1198 alienum,
2278 1120 2475 1181 studi-

339 1231 402 1278 ιο
432 1238 540 1280 um
588 1219 756 1296 belli,
804 1238 1034 1298 magna
1073 1237 1310 1277 merces
1359 1219 1429 1276 in
1476 1235 1588 1296 spe
1636 1217 1931 1278 victoriae
1958 1236 1976 1292 ;
2030 1223 2099 1277 at
2152 1217 2221 1276 in
2274 1215 2475 1280 altera

435 1319 699 1399 majores
725 1337 898 1396 opes,
925 1323 1068 1376 tuta
1097 1314 1379 1390 consilia,
1411 1335 1527 1395 pro
1553 1314 1793 1374 incerta
1822 1335 1935 1394 spe
1964 1321 2139 1376 certa
2177 1317 2473 1394 praemia.

391 1479 402 1496 ⁸
433 1414 613 1476 Haec
653 1413 778 1474 illis
806 1412 1204 1474 volventibus
1243 1412 1503 1472 tandem
1544 1411 1697 1472 vicit
1742 1413 1997 1472 fortuna
2022 1412 2117 1472 rei
2164 1411 2472 1491 publicae.

391 1497 400 1516 '
434 1513 660 1590 Itaque
683 1510 758 1585 Q.
782 1511 978 1570 Fabio
1009 1510 1278 1589 Sangae,
1302 1508 1483 1588 cujus
1510 1507 1859 1589 patrocinio
1886 1509 2111 1570 civitas
2138 1508 2474 1589 plurimum

433 1609 750 1686 utebatur,
777 1627 909 1694 rem
937 1627 1203 1686 omnem,
1234 1607 1334 1667 uti
1361 1615 1811 1687 cognoverant,
1834 1607 2142 1686 aperiunt.
2229 1605 2471 1684 Cicer0,

339 1725 401 1774 ιε
433 1726 547 1786 per
576 1706 850 1785 Sangam
877 1692 1134 1766 consilio
1162 1704 1441 1784 cognitO,
1471 1704 1703 1784 legatis
1740 1703 2041 1784 praecipit
2082 1710 2155 1764 ut
2196 1702 2475 1766 studium

433 1802 883 1882 conjurationis
926 1801 1332 1862 vehementer
1371 1800 1685 1876 simulent,
1728 1808 1973 1862 ceteros
2012 1801 2263 1878 adeant,
2310 1800 2473 1861 bene

432 1899 865 1978 polliceantur,
893 1899 1451 1980 dentque-operam
1491 1897 1584 1958 uti
1626 1918 1737 1960 eos
1772 1918 1959 1978 quam
1984 1898 2255 1958 maxime
2284 1898 2474 1956 mani-

429 1996 634 2056 festos
663 1995 954 2057 habeant.
1656 1975 1675 1992 ’

551 2092 756 2154 XLII.
802 2091 1056 2153 Eisdem
1077 2092 1210 2152 fere
1238 2091 1623 2172 temporibus
1648 2091 1714 2152 in
1744 2091 1955 2153 Gallia
1976 2092 2263 2160 citeriore
2283 2099 2475 2173 atque

337 2202 402 2250 20
431 2188 750 2267 ulteriore,
778 2189 934 2249 item
960 2190 1026 2247 in
1059 2209 1215 2270 agro
1245 2189 1496 2266 Picen0,
1524 2189 1798 2266 Bruttio,
1821 2189 2055 2271 Apulia
2080 2198 2291 2250 motus
2316 2197 2473 2252 erat.

431 2285 720 2365 Namque
767 2285 877 2362 illi,
909 2306 1064 2365 quos
1114 2293 1266 2348 ante
1308 2285 1582 2348 Catilina
1622 2285 1963 2362 dimiserat,
2008 2288 2361 2349 inconsulte
2400 2307 2476 2348 ac

429 2383 632 2446 veluti
677 2403 792 2463 per
838 2383 1216 2444 dementiam
1267 2389 1497 2443 cuncta
1544 2381 1733 2443 simul
1780 2383 2094 2462 agebant3
2152 2383 2477 2445 nocturnis

431 2479 728 2556 consiliis,
751 2499 1061 2540 armorum
1081 2489 1272 2558 atque
1293 2481 1563 2540 telorum
1584 2479 2069 2561 portationibus,
2092 2481 2478 2558 festinandO,

431 2576 734 2656 agitando
761 2578 988 2653 omnia,
1011 2576 1156 2656 plus
1181 2575 1423 2652 time-,nis
1444 2597 1630 2657 quam
1651 2577 1913 2656 perich
1940 2579 2291 2639 effecerant.
2375 2577 2479 2637 Ex

335 2689 399 2736 2⁶
431 2694 509 2736 eo
535 2694 796 2760 numero
823 2675 1172 2754 complures
1200 2673 1275 2748 Q.
1301 2673 1593 2734 Metellus
1620 2673 1802 2740 Celer
1830 2689 2083 2754 praetor
2110 2691 2191 2734 ex
2218 2683 2478 2736 senatus

430 2772 714 2832 consulto
735 2793 922 2832 causa
943 2773 1198 2851 cognita
1224 2772 1292 2831 in
1313 2770 1559 2833 vincula
1588 2773 1964 2852 conjecerat,
1986 2772 2137 2834 item
2156 2774 2234 2832 in
2262 2758 2475 2864 ulteri-

430 2889 540 2930 ore
568 2868 774 2930 Gallia
802 2869 871 2931 C.
906 2869 1182 2946 Murena,
1211 2869 1319 2948 qui
1345 2870 1405 2930 ei
1434 2868 1788 2948 provinciae
1815 2868 2065 2950 legatus
2092 2876 2393 2949 praeerat.

551 2967 790 3028 XLIII.
838 2965 931 3026 At
974 2966 1208 3027 Romae
1237 2966 1546 3046 Lentulus
1574 2986 1713 3026 cum
1743 2966 1986 3044 ceteris,
2014 2968 2122 3046 qui
2163 2965 2479 3046 principes

430 3064 882 3144 conjurationis
923 3070 1122 3139 crant,
1159 3059 1423 3145 punitis*
1442 3069 1516 3122 ut
1556 3063 1933 3123 videbantur
1970 3066 2217 3144 magnis
2258 3044 2477 3143 copiis,

335 3173 402 3222 80
431 3163 890 3222 constituerant
909 3161 1029 3238 uti,
1053 3181 1241 3240 quum
1265 3159 1539 3222 Catilina
1558 3159 1620 3220 in
1643 3181 1864 3240 agrum
1892 3160 2311 3220 Faesulanum
2338 3182 2477 3220 cum

433 3259 714 3320 exercitu
741 3257 1038 3334 venisset,
1067 3259 1138 3319 L.
1169 3257 1391 3319 Bestia
1416 3257 1703 3316 tribunus
1730 3257 1955 3337 plebei,
1984 3258 2279 3318 contione
2307 3257 2480 3318 habi-

431 3362 522 3433 ta,
549 3359 914 3434 quereretur
941 3356 1020 3416 de
1060 3353 1412 3415 actionibus
1455 3353 1791 3430 Ciceronis,
1824 3354 2097 3434 bellique
2126 3353 2558 3435 gravissimi...

431 3451 732 3515 invidiam
773 3452 1020 3532 optimo
1038 3519 1051 3524 ,
1069 3451 1308 3522 consuli
1357 3450 1708 3529 imponeret
1734 3472 1751 3527 ;
1814 3473 1889 3512 eo
1940 3453 2145 3532 sign0,
2196 3450 2481 3530 proxima

433 3557 618 3613 nocte
647 3559 860 3612 cetera
896 3548 1232 3609 multitudo
1273 3547 1725 3628 conjurationis
1766 3569 1949 3610 suum
1991 3549 2253 3629 quisque
2294 3569 2483 3628 nego-

337 3663 402 3712 85
439 3650 592 3708 tium
623 3654 1082 3726 exsequeretur.
1168 3644 1296 3706 Sed
1335 3666 1412 3705 ea
1452 3645 1651 3707 divisa
1679 3645 1799 3706 hoc
1841 3646 2025 3708 modo
2065 3646 2477 3707 dicebantur:

436 3742 726 3806 Statilius
753 3750 819 3804 et
848 3741 1160 3803 Gabinius
1187 3740 1284 3824 uti
1313 3761 1453 3800 cum
1480 3761 1708 3822 magna
1728 3763 1914 3802 manu
1942 3742 2266 3804 duodecim
2294 3742 2480 3802 simul

435 3846 794 3920 opportuna
847 3835 984 3898 loca
1039 3826 1242 3914 urbis*
1264 3829 1691 3912 incenderent,
1740 3858 1866 3916 quo
1919 3839 2195 3898 tumultu
2243 3839 2483 3900 facilior
