2775 4192
356 191 435 252 10
995 183 1050 236 c.
1090 181 1443 235 smusm
1466 182 1703 260 cmsrx
1746 183 1949 236 mna

454 347 724 411 voluisse
762 353 980 409 contra
1020 345 1186 407 illins
1227 347 1575 426 potentiam
1614 366 1911 425 crescere,
1950 346 2137 410 simul
2174 348 2493 429 confisum,

453 448 512 507 ai
577 445 929 564 conjuratio
981 431 1338 523 valuisset,3‘
1355 441 1543 505 facile
1595 443 1770 522 apud
1828 443 1973 506 illos
2024 443 2370 526 principem
2421 466 2493 510 se

453 545 604 606 fore.
643 545 656 588 ἕ
709 536 732 618 ξ

251 659 296 747 ὡ
327 645 428 730 ὢ,
504 621 524 628 -
575 620 818 702 X‘Vm.
865 638 992 702 Sed
1019 645 1209 700 antea
1242 639 1397 699 item
1439 635 1840 716 conjuravere
1882 639 2065 718 pauci
2104 660 2177 700 co
2250 659 2320 699 ra
2358 659 2493 702 rem

167 679 218 768 (9
306 733 315 746 ⁸
387 755 420 803 ὅ
451 737 785 818 publicam,
811 736 881 798 in
905 735 1136 817 quibus
1163 734 1437 797 Catilina
1477 734 1637 797 fuit:
1680 735 1761 794 de
1799 754 1925 814 qua
1958 697 2147 816 qussi
2214 736 2493 800 erissime

450 841 678 915 potero
696 835 926 914 QQ·
1007 833 1081 895 L.
1110 831 1292 893 Tullo
1329 838 1399 894 et
1427 829 1537 893 M’.
1567 830 1811 910 Lepido
1850 831 2229 910 oonsulibus,
2256 831 2330 897 P.
2359 830 2491 894 Au-

451 931 696 992 tronius
742 938 812 992 et
853 929 928 993 P.
977 929 1172 1007 Sulla,
1213 927 1532 1010 desig-nati
1571 929 1878 1004 consules,
1920 928 2169 1008 legibus
2216 929 2493 990 ambitus

451 1027 828 1108 interrogati
845 1047 1084 1108 poenas
1103 1027 1423 1090 dederant.
1506 1023 1665 1086 Post
1682 1025 1871 1106 paulo
1894 1024 2185 1103 Catilina,
2202 1026 2491 1107 pecunia·-

451 1145 590 1184 rum
628 1125 1120 1203 repetundarum
1159 1141 1322 1202 reus,
1351 1121 1707 1202 prohibitus
1734 1128 1872 1183 erat
1898 1121 2289 1184 consulatum
2314 1131 2491 1203 pete·

357 1235 420 1284 10
451 1241 540 1300 re,
582 1222 750 1301 quod
795 1221 962 1283 intra
1003 1220 1322 1301 legitimos
1364 1219 1503 1281 dies
1546 1219 1825 1299 profiteri
1864 1192 2245 1299 nesffiijlerat.
2334 1220 2491 1282 Erat

453 1319 671 1380 eodem
709 1325 996 1400 tempore
1035 1318 1148 1380 Cn.
1187 1317 1358 1394 Piso,
1385 1315 1753 1378 adulescens
1794 1315 2043 1395 nobilis,
2068 1336 2343 1378 summae
2382 1339 2491 1380 au-

451 1414 686 1495 daciae,
713 1435 927 1495 egens,
953 1415 1279 1492 factiosus,
1308 1434 1494 1494 quem
1522 1414 1603 1475 ad
1622 1413 2108 1493 perturbandam
2132 1434 2265 1475 rem
2290 1415 2493 1495 publi·

451 1533 590 1574 cam
615 1512 830 1593 inopia
854 1520 1047 1592 atque
1073 1512 1220 1573 mali
1245 1533 1449 1574 mores
1476 1510 1906 1573 stimulabant.
1990 1510 2149 1572 Cum
2175 1511 2294 1573 hoo
2322 1512 2489 1574 Cati·

451 1610 582 1670 lina
609 1619 677 1672 et
702 1607 1054 1672 Autronius
1083 1607 1330 1670 circiter
1368 1607 1587 1670 Nonas
1626 1607 2025 1686 Decembres,
2047 1599 2302 1669 consilio
2328 1629 2490 1672 oom-

356 1717 419 1766 15
451 1707 789 1782 munioato,
812 1706 1120 1786 parabant
1144 1706 1214 1766 in
1240 1704 1558 1786 Capitolio
1584 1703 1889 1766 Kalendis
1915 1703 1956 1766 J
1955 1704 2228 1767 anuariis
2254 1704 2325 1770 L.
2346 1706 2492 1768 Cot·

451 1811 585 1866 tam
629 1811 695 1866 et
743 1804 812 1866 L.
863 1804 1247 1883 Torquatum
1293 1801 1581 1865 consules
1626 1802 1997 1879 interficere,
2042 1801 2168 1882 ipsi
2213 1801 2490 1866 fascibus

451 1903 756 1982 correptis
796 1901 1085 1962 Pisonem
1127 1922 1271 1962 oum
1308 1899 1587 1964 exercitu
1626 1901 1709 1962 ad
1748 1899 2125 1962 obtinendas
2150 1901 2307 1963 duas
2346 1901 2491 1962 His·-

452 1998 672 2078 panias
699 1999 965 2060 mittere.
1051 1999 1146 2058 Ea
1169 2019 1240 2060 re
1265 1998 1543 2078 cognita,
1566 2017 1775 2058 rursus
1794 1996 1863 2057 in
1882 1996 2101 2058 Nonas
2120 1997 2491 2060 Februarias
2594 2051 2599 2055 .

449 2094 776 2156 eonsilium
814 2095 1024 2157 caedis
1062 2095 1535 2158 transtulerant.
1616 2093 1661 2155 J
1660 2115 1758 2154 am
1797 2100 1933 2156 tum
1973 2114 2099 2155 non
2128 2095 2489 2158 consulibus

349 2203 419 2250 20
451 2194 654 2271 modo,
680 2192 793 2254 sed
817 2191 1132 2273 plerisque
1159 2191 1551 2254 senatoribus
1584 2192 1927 2272 perniciem
1955 2193 2488 2257 machinabantur.

451 2289 637 2363 Quod
662 2289 729 2349 ni
757 2288 1030 2351 Catilina
1061 2296 1436 2351 maturasset
1474 2309 1591 2368 pro
1628 2287 1800 2350 curia
1826 2289 2078 2369 signum
2106 2290 2291 2352 sociis
2318 2293 2490 2368 dare,

451 2406 528 2446 eo
575 2385 679 2446 die
725 2400 875 2466 post
921 2387 1238 2448 conditam
1285 2387 1503 2448 urbem
1544 2385 1808 2446 Romam
1856 2385 2195 2466 pessimum
2238 2387 2490 2449 facinus

449 2488 768 2562 patratum
791 2481 978 2545 foret.
1060 2482 1223 2557 Quia
1249 2483 1527 2544 nondum
1552 2482 1913 2562 frequentes
1938 2483 2163 2546 armati
2188 2503 2490 2546 convene·

450 2585 610 2655 rant,
639 2599 716 2640 ea
741 2599 842 2642 res
869 2579 1196 2641 consilium
1225 2577 1494 2643 diremit.

351 2695 417 2744 2⁸
570 2674 750 2737 XIX.
795 2676 1027 2738 Postea
1066 2676 1218 2738 Piso
1263 2676 1330 2737 in
1379 2677 1725 2739 citeriorem
1772 2677 2146 2758 Hispaniam
2193 2686 2491 2759 quaestor

447 2791 562 2851 pro
586 2778 876 2851 praetore
905 2773 1133 2835 missus
1161 2780 1281 2852 est,
1308 2775 1386 2858 ad
1394 2775 1648 2853 nitente·
1667 2773 1911 2852 Crasso,
1938 2776 2109 2856 quod
2136 2795 2280 2836 eum
2304 2774 2493 2836 infes-

447 2874 586 2929 tum
630 2867 951 2930 inimicum
999 2869 1112 2932 Cn.
1159 2869 1460 2951 Pompeio
1502 2878 1907 2952 cog-noverat.
2005 2871 2233 2951 Neque
2278 2879 2490 2933 tamen

447 2971 705 3028 senatus
733 2965 1114 3046 provinciam
1141 2967 1376 3030 invitus
1405 2969 1701 3032 dederat:
1745 2967 1979 3048 quippe
2016 2967 2277 3030 foedum
2300 2967 2491 3029 homi·

447 3081 592 3124 nem
639 3084 680 3124 a
723 3083 793 3126 re
832 3063 1084 3144 publica
1125 3063 1344 3143 procul
1390 3085 1530 3126 esse
1574 3064 1875 3141 volebat3
1918 3064 2103 3126 simul
2146 3065 2295 3146 quia
2339 3063 2492 3128 boni

349 3177 415 3225 80
447 3157 797 3240 complures
823 3159 1206 3240 praesidium
1233 3162 1300 3221 in
1327 3181 1409 3221 eo
1433 3161 1762 3240 putabant,
1792 3168 1858 3222 et
1884 3161 2015 3242 jam
2039 3169 2171 3223 tum
2198 3163 2491 3243 potentia

448 3256 734 3336 Pompeii
776 3256 1179 3318 formidulosa
1228 3264 1383 3319 erat.
1470 3256 1595 3318 Sed
1642 3257 1696 3318 is
1739 3258 1889 3320 Piso
1932 3261 2000 3321 in
2048 3260 2361 3340 provincia
2408 3259 2488 3319 ab

442 3353 768 3433 equitibus
795 3354 1119 3434 Hispanis,
1137 3375 1293 3434 quos
1313 3354 1452 3428 sine
1473 3356 1755 3416 exercitu
1776 3356 2079 3417 ductabat
2098 3357 2220 3422 iter
2237 3355 2489 3433 faciens,

445 3451 688 3512 occisus
717 3457 834 3514 est.
918 3451 1081 3513 Sunt
1105 3451 1214 3530 qui
1249 3451 1340 3512 ita
1368 3421 1599 3549 dfnssfft,
1628 3453 1891 3532 imperia
1912 3443 2070 3533 'ejus
2108 3434 2364 3533 injusta,
2396 3473 2493 3514 su-

445 3547 660 3625 perba,
688 3547 960 3608 crudelia
998 3548 1296 3610 barbaros
1323 3525 1678 3632 neffiiffisse
1703 3551 1837 3630 pati
1865 3569 1883 3626 3
1924 3549 2039 3618 alii,
2058 3556 2299 3626 autem,
2319 3549 2489 3629 equi-

349 3657 414 3708 86
450 3651 546 3705 tes
585 3642 747 3722 illos,
775 3643 888 3706 On.
917 3641 1203 3723 Pompeii
1243 3652 1489 3707 veteres
1527 3646 1807 3726 fidosque
1830 3646 2133 3724 senentes,
2158 3644 2489 3707 voluntate

447 3740 588 3820 ejus
639 3739 934 3804 Pisonem
987 3759 1364 3820 aggressos;
1394 3761 1737 3822 znunquam
1785 3741 2107 3820 Hispanos
2160 3749 2488 3822 praeterea

447 3836 578 3898 tale
606 3837 848 3898 facinus
873 3835 1118 3911 fecisse,
1145 3838 1256 3897 sed
1291 3837 1549 3918 imperia
1586 3859 1773 3899 saeva
1799 3836 1996 3899 multa
2020 3845 2212 3900 antea
2238 3857 2488 3918 perpes-
