2775 4192
769 163 862 218 DE
905 161 1272 216 numm
1315 159 1845 216 consumunmt.
2346 160 2427 224 87

283 329 448 407 sitis,
475 335 546 391 et
585 348 776 408 quum
817 325 1124 408 proelium
1166 325 1409 391 inibitis
1449 324 1859 390 memineritis
1897 343 2015 386 vos
2054 322 2334 402 divitias,

283 431 496 504 decus,
523 425 810 506 gloriam,
835 431 1166 504 praeterea
1189 423 1551 486 libertatem
1576 429 1770 502 atque
1794 420 2063 502 petriam
2086 421 2157 481 in
2182 421 2333 482 dex·

281 525 400 586 tris
425 525 658 586 vestris
682 529 953 602 portare.
1043 520 1114 582 Si
1140 519 1470 597 vincimus,
1494 521 1707 580 omnia
1744 520 1927 580 nobis
1951 525 2095 579 tuta
2120 521 2330 595 erunt,

283 629 670 684 commeatus
713 619 983 695 abunde,
1030 616 1368 697 municipia
1413 627 1603 697 atque
1652 614 1935 678 coloniae
1979 615 2329 696 patebunt3

283 723 382 780 sin
407 727 583 780 metu
607 716 996 791 cesserimus,
1021 715 1240 776 eadem
1269 713 1384 775 illa
1409 714 1675 774 adversa
1694 714 1885 792 fient,
1864 733 1881 750 ·
1922 732 2127 792 neque
2153 711 2329 773 locus
2394 723 2427 770 δ

280 835 490 896 neque
530 817 768 877 amicus
807 814 1134 894 quisquam
1173 817 1382 891 teget,
1422 831 1609 892 quem
1646 831 1821 872 arina.
1858 831 1985 870 non
2026 809 2325 870 texerint.

267 913 640 1006 Praeterea,
683 909 938 988 milites,
981 929 1110 970 non
1157 909 1377 970 eadem
1424 907 1609 970 nobis
1649 914 1717 967 et
1758 906 1886 967 illis
1928 905 2327 968 necessitudo

281 1009 642 1090 impendet3
680 1029 800 1070 nos
823 1029 941 1090 pro
957 1008 1184 1088 patria,
1205 1027 1322 1086 pro
1347 1005 1665 1085 libertate,
1684 1025 1801 1087 pro
1820 1005 1953 1068 vita
1978 1017 2325 1066 certamus·
2306 1049 2326 1081 ,

279 1107 408 1168 illis
435 1125 966 1187 supervacaneum
991 1112 1092 1167 est
1117 1125 1238 1185 pro
1257 1105 1551 1184 potentia
1575 1123 1917 1184 paucorum
1940 1121 2242 1182 pugnare.

404 1202 550 1278 Quo
573 1204 875 1264 audacius
909 1199 1346 1284 aggredimini,
1372 1220 1680 1264 memores
1718 1197 2025 1282 pristinae
2050 1196 2322 1260 virtutis.
2360 1211 2427 1260 10

281 1301 496 1364 Licuit
541 1300 724 1362 vobis
761 1319 906 1362 cum
947 1319 1188 1361 summa
1223 1298 1621 1379 turpitudine
1666 1296 1735 1358 in
1774 1294 2000 1359 exsilio
2046 1302 2325 1358 aetatem

283 1419 496 1479 agere,
521 1399 818 1478 potuistis
841 1396 1128 1460 nonnulli
1153 1395 1391 1459 Romae
1418 1393 1667 1474 arnissis
1700 1393 1883 1475 bonis
1908 1392 2145 1454 alienas
2170 1411 2327 1472 opes

283 1503 650 1574 exspectare
679 1514 700 1571 3
739 1495 892 1574 quia
927 1493 1036 1574 illa
1075 1495 1264 1556 foeda
1301 1500 1495 1574 atque
1532 1491 1935 1580 intolef-a-n-d-ass
1966 1489 2119 1552 viris
2156 1491 2329 1552 vide-

285 1592 534 1668 bantur,
562 1591 718 1654 haec
760 1592 938 1672 sequi
965 1583 1348 1654 decrevistis.
1432 1589 1503 1653 Si
1542 1590 1701 1652 haec
1734 1588 2083 1670 relinquere
2111 1585 2327 1668 vultis,

281 1688 550 1750 audacia
587 1709 747 1769 opus
765 1696 906 1767 est3
945 1708 1132 1750 nemo
1169 1688 1294 1749 nisi
1321 1688 1527 1750 victor
1547 1708 1741 1769 ,pam
1761 1687 1995 1750 bellum
2038 1685 2322 1748 mutavit.
2358 1702 2423 1750 1ss

282 1785 450 1848 Nam
477 1786 546 1846 in
587 1787 740 1866 fuga
782 1785 1047 1848 salutem
1089 1804 1362 1866 sperare,
1390 1805 1583 1865 quum
1622 1805 1811 1864 arma,
1837 1784 2064 1866 quibus
2100 1804 2327 1864 corpus

281 1882 547 1964 tegitur,
572 1883 655 1945 ab
678 1882 968 1945 hostibus
995 1883 1318 1962 everteris,
1339 1903 1417 1945 ea
1438 1903 1587 1945 vero
1612 1882 1930 1945 dementia
1956 1887 2076 1945 est.
2160 1881 2329 1944 Sem-

281 2001 398 2061 per
442 1981 510 2050 in
556 1981 794 2063 proelio
835 1981 930 2042 eis
977 1980 1315 2043 maximum
1361 1988 1465 2044 est
1510 1981 1850 2063 perieulum
1900 1981 2010 2063 qui
2054 1980 2325 2044 maxime

279 2080 532 2158 timent,
559 2079 816 2140 audacia
841 2099 956 2160 pro
981 2099 1158 2140 muro
1183 2079 1466 2141 habetur.

405 2176 614 2252 Quum
633 2197 748 2238 vos
767 2176 1115 2254 considero,
1127 2174 1383 2253 milites,
1400 2183 1470 2240 et
1494 2197 1685 2263 quum
1713 2179 1883 2240 facta
1902 2184 2113 2242 vestra
2140 2175 2325 2240 aesti—
2358 2193 2427 2243 20

276 2291 404 2352 mc,
437 2290 668 2354 magns
695 2295 796 2334 me
823 2293 972 2354 spes
989 2261 1292 2335 victoriae
1317 2279 1519 2337 t'enet.
1591 2274 1887 2362 Animus,
1906 2283 2105 2353 aetas,
2125 2275 2327 2339 virtus

281 2377 500 2433 vestra
543 2391 646 2433 me
691 2370 1040 2454 hortantur,
1083 2377 1414 2451 praeterea
1460 2365 1881 2452 necessitudo,
1923 2394 2112 2454 Q
2131 2373 2323 2435 etiam

276 2467 542 2532 timidos
567 2469 764 2528 fortes
797 2468 976 2530 facit.
1059 2467 1226 2529 Nam
1263 2457 1605 2531 multitudo
1644 2470 1915 2532 hostium
1958 2491 2040 2532 ne
2078 2472 2328 2532 circum-

280 2567 499 2630 venire
538 2573 750 2661 queat,
791 2559 1124 2646 prohibent
1168 2567 1503 2645 angustiae
1550 2567 1691 2630 loci.
1774 2566 1961 2650 Qod
2006 2567 2064 2630 si
2101 2567 2325 2629 virtuti

281 2669 532 2726 vestrae
570 2663 828 2724 fortuna
853 2661 1170 2740 inviderit,
1195 2663 1650 2753 caveteMnulti
1688 2665 1953 2725 animam
1994 2655 2322 2748 amittatis,
2356 2672 2424 2722 2⁸

279 2781 412 2822 neu
451 2760 624 2840 capti
647 2760 862 2838 potius
900 2761 1091 2821 sicuti
1127 2778 1357 2840 peoora
1394 2760 1809 2838 trucidemini,
1837 2781 2023 2840 quam
2050 2760 2322 2825 virorum

284 2877 458 2920 more
477 2864 838 2937 pugnantes
857 2865 1180 2920 cruentam
1201 2864 1393 2938 atque
1418 2857 1763 2920 luctuosam
1787 2859 2109 2921 victoriam
2130 2859 2326 2920 hosti-

286 2954 406 3014 bus
433 2952 863 3033 relinquatis?

405 3049 576 3113 LIX.
631 3051 812 3114 Haec
859 3051 970 3115 ubi
1022 3053 1206 3132 dixit,
1261 3052 1583 3133 paululum
1648 3061 2086 3132 commoratuS,
2141 3054 2327 3136 signa

283 3169 509 3210 canere
550 3147 734 3227 jubet
781 3155 972 3228 atque
1020 3149 1363 3212 instructos
1410 3151 1659 3212 ordines
1706 3152 1775 3211 in
1816 3150 2019 3212 locum
2060 3173 2324 3232 aequum
2359 3164 2426 3212 80

285 3247 561 3307 deducit.
644 3245 832 3328 Dein,
851 3247 1110 3308 remotis
1131 3247 1420 3332 omnium
1423 3249 1638 3328 equiS,
1660 3269 1785 3326 quo
1816 3248 2117 3310 militibus
2146 3271 2327 3312 exse·

284 3351 482 3422 queto
505 3341 780 3422 periculo
815 3343 1059 3434 animus
1081 3321 1346 3423 amplior
1372 3352 1563 3422 esset,
1590 3346 1726 3424 ipse
1762 3347 1957 3425 pedes
1984 3367 2167 3407 exero
2169 3347 2327 3408 itum

283 3459 398 3518 pro
423 3438 564 3500 loco
592 3447 782 3520 atque
823 3423 1026 3521 copiis
1061 3440 1334 3502 instruit.
1418 3439 1623 3518 Nam,
1630 3442 1732 3502 uti
1754 3441 2051 3536 planities
2078 3445 2257 3504 erat
2239 3465 2329 3504 ιιι-

271 3542 387 3598 ter
412 3535 702 3598 sinistros
720 3544 968 3599 montes
989 3544 1058 3600 et
1083 3537 1164 3598 ab
1183 3537 1408 3598 dextra
1435 3557 1591 3617 rupe
1608 3559 1853 3618 aspera,
1874 3545 2021 3600 octo
2036 3540 2327 3603 cohortes

285 3631 353 3693 in
397 3633 604 3694 fronte
653 3635 1009 3712 constituit,
1053 3632 1431 3713 reliquarum
1470 3635 1657 3715 signa
1698 3636 1766 3694 in
1806 3635 2087 3698 subsidio
2129 3639 2345 3722 artius
2360 3656 2427 3705 85

287 3730 586 3808 collocet3
639 3731 721 3792 ab
769 3729 862 3794 eis
905 3730 1304 3792 centuriones
1347 3750 1581 3810 omnes,
1625 3731 1847 3810 lectos,
1898 3739 1965 3794 et
2011 3715 2325 3814 evocatos,

286 3834 618 3910 praeterea
644 3849 726 3888 ex
751 3826 1064 3908 gregariis
1103 3825 1411 3888 militibus
1448 3827 1757 3908 optimum
1783 3849 2091 3909 quemque
2130 3851 2329 3893 arma·
