2775 4192
859 181 948 234 ns
991 179 1354 234 omnum
1398 180 1925 236 cosman-ron.
2360 183 2437 246 21

305 347 606 423 minutae,
633 365 970 426 paucorum
1011 346 1296 424 potentia
1333 346 1553 408 crevit.
1638 343 1719 404 Ei
1756 342 2185 425 magistratus,
2210 361 2349 422 pro-

307 443 548 504 vincias
572 441 820 521 aliaque
859 443 1068 503 omnia
1107 450 1371 519 tenere;
1414 441 1539 523 ipsi
1576 440 1839 518 innoxii,
1870 442 2185 518 florentes,
2214 441 2349 502 sine

306 550 479 600 metu
522 546 802 602 aetatem
845 559 1054 619 agere,
1100 547 1365 617 ceteros,
1412 539 1521 620 qui
1562 538 1811 619 plebem
1856 538 1921 598 iu
1970 537 2350 618 magistratu

307 635 614 717 placidius
667 643 1032 714 tractarent,
1076 637 1328 718 judiciis
1379 644 1635 698 terrere.
1742 634 1869 696 Sed
1918 634 2029 694 ubi
2064 637 2348 715 Qum

301 735 512 805 dubiis
537 735 724 804 rebus
749 733 1022 796 novandi
1061 754 1208 812 spes
1247 733 1461 794 oblata
1488 739 1609 808 est,
1640 743 1823 793 vetus
1864 740 2179 796 certamen
2222 732 2343 794 ani·
2412 743 2449 794 ⁸

309 853 442 892 mos
469 852 679 892 eorum
709 832 958 892 arrexit.
1044 829 1230 906 Quod
1268 829 1324 891 si
1367 831 1566 909 primo
1606 827 1845 909 proelio
1872 828 2145 892 Catilina
2172 851 2353 910 supe-

308 931 434 988 rior
459 935 570 989 aut
617 949 818 1008 aequa
859 949 1050 988 manu
1097 925 1510 1004 discessisset,
1538 927 1823 1006 profecto
1868 947 2097 1008 magna
2140 926 2351 989 clades

307 1035 500 1105 atque
527 1024 852 1086 calamitas
877 1045 1004 1086 rem
1038 1023 1350 1104 publicam
1396 1022 1813 1104 oppressisset
1836 1044 1854 1100 ;
1895 1043 2099 1106 neque
2126 1023 2269 1102 illis,
2298 1022 2352 1085 si

309 1122 634 1183 victoriam
675 1121 892 1201 adepti
929 1121 1164 1197 forent,
1193 1119 1433 1182 diutius
1477 1141 1553 1180 ea
1596 1121 1690 1180 uti
1730 1120 2031 1197 licuisset,
2060 1118 2210 1204 quin
2250 1122 2353 1182 de·

309 1217 500 1280 fessis
527 1227 594 1278 et
613 1217 1040 1297 exsanguibus
1059 1217 1172 1298 qui
1197 1216 1342 1296 plus
1365 1224 1579 1298 posset
1606 1216 1931 1298 imperium
1958 1227 2149 1298 atque
2175 1217 2353 1278 liber-
2388 1235 2452 1284 ιο

309 1323 510 1382 tatem
535 1322 954 1394 extorqueret.

432 1411 634 1474 Fuere
673 1419 886 1472 tamen
926 1418 1106 1472 extra
1147 1413 1645 1494 conjurationem
1700 1413 2069 1492 complures,
2108 1413 2219 1492 qui
2272 1412 2353 1474 ad

311 1507 646 1572 Catilinam
689 1507 875 1569 initio
921 1510 1190 1589 profecti
1237 1517 1406 1572 sunt.
1504 1509 1581 1572 In
1622 1511 1719 1572 eis
1764 1518 1899 1570 erat
1944 1508 2023 1570 A.
2072 1507 2355 1588 Fulvius,

311 1605 622 1668 senatoris
663 1603 846 1682 filius,
873 1627 1056 1686 quem
1105 1615 1445 1678 mtractum
1488 1628 1568 1668 ex
1610 1609 1833 1668 itinere
1872 1627 2099 1686 parens
2144 1606 2355 1668 necari

308 1705 520 1785 jussit.
603 1701 860 1764 Eisdem
901 1704 1286 1784 temporibus
1326 1703 1567 1765 Romae
1605 1703 1933 1780 Lentulus,
1964 1702 2153 1764 sicuti
2184 1703 2352 1764 Cati·
2390 1715 2452 1764 15

311 1802 442 1862 lina
483 1807 908 1881 praeceperat,
949 1821 1372 1882 quoscumque
1411 1800 1687 1862 moribus
1728 1809 1841 1862 aut
1880 1802 2136 1861 fortuna
2174 1798 2355 1890 novis

311 1901 500 1962 rebus
525 1899 786 1961 idoneos
815 1900 1131 1978 credebat,
1159 1907 1269 1961 aut
1297 1900 1437 1978 ipse
1462 1905 1575 1960 aut
1615 1919 1727 1978 per
1764 1897 1923 1959 alios
1948 1879 2355 1974 sollicitabat,

311 2019 516 2077 neque
564 1997 764 2060 solum
818 1997 1006 2074 cives,
1053 1997 1165 2058 sed
1209 1997 1710 2086 cujusque-⁸*
1556 1995 1727 2058 modi
1760 2015 1971 2076 genus
2016 1995 2355 2070 hominum,

312 2098 480 2176 quod
512 2098 692 2158 modo
719 2095 886 2157 bello
913 2096 1056 2156 usui
1082 2093 1270 2156 foret.

434 2194 572 2256 XL.
613 2194 821 2274 Igitur
841 2193 913 2256 P.
937 2192 1259 2253 Umbreno
1287 2191 1531 2252 cuidam
1560 2191 1881 2272 negotium
1910 2191 2041 2267 dat,
2064 2191 2164 2252 uti
2189 2190 2359 2271 lega·
2386 2208 2456 2258 πο

305 2297 417 2351 tos
451 2289 865 2371 Allobrogum
907 2289 1201 2368 requirat,
1235 2309 1488 2368 eosque,
1517 2289 1573 2348 si
1598 2287 1822 2368 possit,
1848 2287 2133 2367 impellat
2158 2289 2240 2350 ad
2266 2307 2360 2348 so·

311 2390 614 2450 cietatem
641 2387 813 2464 belli,
841 2386 1209 2448 existimans
1250 2385 1497 2464 publice
1540 2385 1954 2464 privatimque
1982 2405 2123 2447 aere
2151 2385 2357 2447 alieno

312 2505 676 2565 oppressos,
708 2491 1035 2564 praeterea
1081 2473 1250 2564 quod
1295 2491 1523 2542 natura
1570 2502 1729 2560 gens
1776 2479 2021 2544 Gallica
2068 2482 2361 2545 bellicosa

313 2589 502 2657 esset,
549 2569 738 2644 facile
785 2601 894 2642 eos
941 2582 1025 2642 ad
1071 2579 1202 2642 tale
1249 2580 1583 2640 consilium
1630 2578 1855 2640 adduci
1900 2599 2105 2658 posse.
2211 2579 2359 2644 Um·

313 2679 564 2756 brenus,
591 2677 760 2760 quod
787 2677 854 2738 in
883 2676 1094 2739 Gallia
1135 2678 1504 2758 negotiatus
1532 2686 1687 2754 erat,
1714 2675 2030 2757 plerisque
2072 2675 2359 2757 principi·
2390 2689 2455 2738 25

315 2776 431 2836 bus
457 2775 810 2837 civitatium
836 2782 1024 2836 notus
1067 2783 1202 2836 erat
1245 2782 1439 2855 atque
1480 2795 1589 2836 eos
1629 2783 1927 2837 noverat:
1970 2774 2185 2852 itaque
2223 2774 2359 2835 siue

315 2893 508 2950 mora,
535 2874 644 2935 ubi
682 2871 950 2953 primum
990 2871 1238 2952 legatos
1279 2872 1347 2934 in
1386 2873 1529 2933 foro
1570 2873 1923 2953 conspexit,
1956 2879 2360 2952 percontatus

313 2991 515 3052 pauca
553 2971 634 3032 de
677 2975 854 3030 statu
899 2968 1199 3048 civitatis,
1227 2977 1292 3030 et
1338 2968 1519 3049 quasi
1562 2968 1781 3031 dolens
1822 2969 1963 3048 ejus
2009 2989 2239 3046 casum,
2267 2990 2359 3030 re-

315 3067 559 3148 quirere
588 3068 798 3147 coepit
824 3086 1010 3146 quem
1037 3069 1278 3128 exitum
1305 3065 1507 3127 tantis
1532 3065 1715 3128 malis
1758 3072 2100 3145 sperarent.
2184 3065 2361 3126 Post-

313 3185 502 3244 quam
539 3163 680 3225 illos
711 3163 884 3227 videt
923 3163 1098 3243 queri
1125 3165 1204 3224 de
1245 3163 1513 3224 avaritia
1542 3165 2042 3244 magistratuum,
2070 3182 2357 3222 accusare
2392 3181 2459 3229 80

315 3268 604 3322 senatum
633 3261 800 3340 quod
839 3260 906 3320 in
949 3280 1025 3323 eo
1065 3259 1282 3324 auxilii
1311 3259 1467 3320 nibil
1500 3267 1687 3336 esset,
1718 3258 1985 3319 miseriis
2012 3258 2139 3320 suis
2168 3279 2359 3320 reme·

315 3357 488 3418 dium
516 3364 776 3419 mortem
797 3363 1187 3436 exspectare,
1216 3358 1255 3390 ‘⁶
1273 3356 1367 3416 At
1387 3377 1509 3435 ego
1529 3355 1566 3387 '³
1595 3356 1801 3436 inquit
1830 3358 1869 3390 “
1886 3354 2082 3434 vobis,
2104 3355 2157 3416 si
2177 3357 2363 3416 modo

315 3454 434 3516 viri
477 3475 617 3516 esse
661 3455 877 3529 vultis,
920 3452 1224 3514 rationem
1267 3453 1615 3528 ostendam,
1646 3473 1770 3532 qua
1812 3460 1993 3513 tanta
2036 3453 2160 3514 ista
2206 3452 2361 3514 mala

319 3551 691 3632 effugiatis.”
773 3547 952 3611 Haec
979 3549 1090 3610 ubi
1117 3549 1298 3627 dixit,
1327 3548 1707 3629 Allobroges
1734 3548 1800 3609 in
1830 3549 2159 3610 maximam
2188 3571 2360 3630 spem

318 3647 576 3708 adducti
616 3647 1004 3710 Umbrenum
1046 3667 1245 3723 orare,
1284 3658 1356 3706 ut
1400 3645 1499 3706 sui
1538 3645 1969 3724 misereretur3
2031 3646 2190 3706 nihil
2231 3654 2363 3708 tam
2394 3664 2459 3712 85

317 3765 611 3824 asperum
653 3764 860 3825 neque
909 3748 1038 3802 tam
1081 3743 1349 3804 difficile
1373 3761 1535 3818 esse,
1582 3743 1751 3821 quod
1792 3761 1940 3820 non,
1970 3743 2362 3823 cupidissime

319 3841 816 3928 faQtuziQAER
844 3839 994 3899 dum
1019 3857 1097 3902 ea
1123 3859 1224 3902 res
1265 3838 1593 3901 civitatem
1614 3858 1759 3898 aere
1800 3836 2005 3900 alieno
2040 3839 2359 3902 liberaret.
