2775 4192
855 177 946 230 DL·
989 177 1350 230 effluxu:
1394 175 1927 230 communem
2364 179 2443 242 23

306 341 522 404 aditus
545 341 629 403 ad
655 341 974 403 consulem
1000 348 1364 420 ceterosque
1404 340 1637 419 quibus
1674 339 1941 402 insidiae
1966 341 2351 422 parabantur

305 440 531 515 fieret3
573 438 896 519 Cethegus
943 437 1266 500 Ciceronis
1311 436 1567 517 januam
1608 435 1927 498 obsideret
1968 457 2235 518 eumque
2280 437 2345 498 vi

308 537 779 616 aggrederetur,
807 535 968 596 alius
995 543 1210 595 autem
1236 534 1461 613 alium3
1500 535 1615 596 sed
1646 534 1758 594 filii
1784 534 2173 613 familiarum,
2201 555 2347 614 quo·

303 653 441 693 rum
469 653 550 694 ex
577 633 905 694 nobilitate
925 630 1198 693 maxima
1223 652 1370 711 pars
1396 638 1553 708 erat,
1576 639 1865 711 parentes
1890 621 2347 710 interficerent3

304 729 512 805 simul,
541 731 732 790 caede
773 736 840 790 et
879 728 1172 790 incendio
1211 729 1519 809 perculsis
1558 729 1861 805 omnibus,
1891 730 1972 790 ad
2004 729 2344 792 ,Catilinam
2412 747 2443 794 6

307 833 724 907 erumperent,
803 827 982 887 Inter
1019 827 1173 887 haec
1214 833 1434 909 parata
1485 835 1673 906 atque
1714 827 1985 904 decreta,
2028 827 2347 907 Cethegus

308 942 558 1003 semper
594 924 970 1003 querebatur
1011 925 1094 984 de
1135 923 1392 1003 ignavia
1434 924 1775 986 sociorum:
1817 922 1959 984 illos
2000 924 2347 986 dubitando

307 1025 376 1096 et
431 1021 570 1082 dies
621 1021 994 1101 prolatando
1039 1041 1300 1101 magnas
1349 1021 1860 1100 opportunitates
1914 1039 2346 1102 corrumpere3

304 1118 498 1195 facto,
541 1137 672 1177 non
723 1117 1011 1179 consulto
1051 1117 1120 1177 in
1167 1116 1286 1177 tali
1329 1117 1609 1197 periculo
1652 1138 1813 1198 opus
1858 1139 2016 1195 esse,
2044 1139 2255 1200 seque,
2288 1121 2345 1179 si

306 1214 496 1293 pauci
531 1212 922 1294 adiuvarent,
968 1213 1417 1294 languentibus
1458 1212 1614 1291 aliis,
1659 1214 1957 1295 impetum
2000 1215 2069 1276 in
2112 1216 2345 1278 curiam
2380 1235 2444 1286 ιο

306 1312 639 1375 facturum.
723 1311 968 1372 Natura
995 1312 1195 1389 ferox,
1216 1312 1573 1389 vehemens,
1602 1331 1791 1386 manu
1818 1323 2146 1396 promptus
2174 1321 2345 1394 erat3

305 1410 644 1470 maximum
669 1409 902 1471 bonum
928 1408 997 1468 in
1023 1407 1344 1470 celeritate
1373 1409 1665 1488 putabat.

431 1506 661 1569 XLIV.
703 1505 832 1567 Sed
856 1503 1240 1585 Allobroges
1266 1527 1348 1566 ex
1373 1513 1713 1586 praecepto
1740 1506 2063 1570 Ciceronis
2086 1529 2203 1590 per
2226 1508 2350 1572 Ga·

307 1601 544 1663 binium
571 1610 816 1663 ceteros
842 1602 1222 1664 conveniunt
1248 1621 1268 1678 3
1309 1603 1392 1662 ab
1418 1603 1707 1682 Lentulo,
1734 1604 2038 1686 Cethego,
2070 1605 2345 1683 Statilio,

307 1701 462 1762 item
509 1701 728 1764 Cassio
769 1701 1092 1781 postulant
1135 1702 1242 1783 jus
1288 1702 1639 1782 jurandum,
1684 1702 1851 1780 quod
1897 1702 2215 1782 signatum
2264 1705 2347 1764 ad
2382 1717 2445 1765 15

307 1799 476 1858 cives
495 1797 859 1876 perferant3
899 1795 1082 1858 aliter
1101 1797 1267 1857 haud
1291 1796 1482 1858 facile
1508 1816 1619 1857 eos
1637 1797 1721 1856 ad
1746 1804 1996 1858 tantum
2022 1797 2347 1878 negotium

305 1893 548 1973 impelli
570 1907 776 1974 posse.
857 1894 1069 1958 Ceteri
1095 1895 1250 1956 nihil
1271 1897 1663 1976 suspicantes
1682 1897 1858 1976 dant,
1878 1896 2129 1958 Cassius
2148 1903 2378 1984 seme—t*

308 2012 388 2053 eo
433 1992 610 2054 brevi
661 1999 991 2054 venturum
1034 1994 1386 2073 pollicetur,
1430 2013 1503 2056 ac
1545 1993 1736 2074 paulo
1782 2001 1933 2055 ante
1980 1993 2227 2074 legatos
2270 2013 2351 2054 ex

205 2140 212 2150 ,
309 2090 464 2152 urbe
490 2090 914 2169 proficiscitur.
1000 2091 1309 2153 Lentulus
1337 2113 1477 2153 cum
1507 2093 1600 2154 eis
1626 2091 1703 2155 Τ.
1738 2091 2135 2154 Volturcium
2162 2113 2351 2174 quen-

308 2188 454 2248 dam
497 2186 970 2250 Crotoniensem
1015 2188 1236 2267 mittit,
1264 2196 1338 2250 ut
1380 2189 1754 2270 Allobroges
1798 2192 1969 2272 prius
2012 2209 2199 2269 quam
2242 2191 2349 2251 do·
2380 2195 2447 2247 20

307 2305 481 2345 mum
506 2294 846 2366 pergerent
873 2306 1014 2346 cum
1046 2285 1339 2364 Catilina,
1367 2287 1518 2348 dats
1552 2295 1743 2366 atque
1784 2295 2046 2367 accepta
2090 2288 2229 2364 fide,
2256 2309 2352 2348 so-

307 2383 604 2445 cietatem
637 2383 1088 2445 confirmarent.
1173 2384 1320 2464 Ipse
1347 2384 1679 2450 Volturcio
1719 2385 1969 2446 litteras
2008 2386 2091 2446 ad
2132 2385 2349 2445 Catili·

219 2533 222 2536 .
308 2499 455 2539 nam
498 2481 632 2556 dat3
683 2499 941 2560 quarum
991 2481 1346 2561 exemplum
1390 2481 1557 2542 infra.
1604 2484 1909 2562 scriptum
1956 2490 2090 2544 est:
2134 2481 2347 2556 “Quis

309 2576 446 2652 sim,
489 2595 578 2638 ex
617 2596 695 2636 eo
733 2597 918 2656 quem
962 2577 1044 2638 ad
1079 2587 1148 2639 te
1187 2577 1331 2640 misi
1375 2597 1740 2659 cognosces.
1825 2579 1953 2641 Fac
1997 2579 2242 2659 cogites
2282 2578 2347 2639 in

309 2680 545 2751 quanta
564 2673 920 2735 calamitate
948 2673 1055 2756 sis,
1075 2681 1143 2735 et
1171 2675 1523 2738 memineris
1544 2684 1611 2738 te
1632 2678 1828 2736 virum
1850 2697 1987 2738 esse
2013 2696 2032 2752 3
2074 2677 2349 2738 conside-
2381 2679 2445 2728 2⁸

309 2790 408 2830 res
449 2769 600 2850 quid
642 2776 794 2830 tuae
832 2772 1110 2836 rationes
1155 2773 1514 2852 postulent3
1556 2771 1849 2835 auxilium
1892 2783 2075 2854 petas
2116 2774 2197 2834 ab
2224 2795 2350 2834 om·

309 2867 515 2943 nibus,
562 2868 750 2927 etiam
795 2868 878 2928 ab
918 2868 1210 2931 infimis?
1292 2869 1399 2930 Ad
1442 2871 1561 2931 hoc
1608 2873 1903 2932 mandata
1949 2871 2154 2949 verbis
2201 2873 2347 2935 dat:

311 2984 499 3042 quum
529 2964 611 3027 ab
653 2973 878 3026 senatu
921 2965 1122 3026 hostis
1165 2968 1484 3048 judicatus
1524 2969 1628 3046 sit,
1660 2989 1783 3050 quo
1810 2964 2349 3030 consilio'zservitia

307 3063 650 3142 repudiet?
671 3064 735 3122 in
765 3063 917 3124 urbe
944 3072 1165 3143 parata
1192 3086 1330 3126 esse
1371 3087 1533 3146 quae
1568 3067 1824 3148 jusserit
1850 3086 1868 3142 ;
1910 3086 1991 3126 ne
2020 3074 2351 3127 cunctetur

306 3157 726 3244 ipser
753 3163 1064 3224 accedere.
1135 3199 1147 3206 =
1179 3183 1210 3230 s
2381 3173 2447 3226 80

427 3256 628 3319 XLV.
647 3257 792 3317 'His
833 3258 1020 3320 rebus
1061 3258 1154 3319 its.
1199 3259 1376 3338 actis,
1408 3261 1754 3322 constituta
1789 3267 1977 3322 nocte
2020 3281 2146 3344 quq
2169 3251 2353 3340 profiss

306 3351 706 3433 ciscemntur,
733 3345 954 3426 Cicero
981 3376 1095 3435 per
1133 3354 1381 3437 legatos
1426 3369 1651 3419 cuncta
1690 3358 1954 3440 edoctus
1992 3357 2064 3420 L.
2097 3357 2349 3421 Valerio

307 3443 536 3510 *flacco
583 3458 652 3512 et
699 3451 768 3530 Q.
808 3449 1146 3532 Pomptino
1187 3455 1580 3534 praetoribus
1622 3454 1907 3535 imperat,
1934 3463 2009 3518 ut
2046 3455 2115 3517 in
2155 3465 2349 3536 ponte

305 3544 546 3608 Mulvio
572 3567 686 3628 per
722 3548 982 3610 insidias
1008 3549 1425 3661 Allobrogum
1466 3553 1801 3614 comitatus
1842 3552 2350 3633 deprehendant-3

303 3664 436 3704 rem
475 3665 726 3708 omnem
763 3626 989 3726 aperit,
1030 3647 1208 3727 cnjus
1247 3651 1454 3728 gratia
1494 3649 1942 3727 mittebantur3
1984 3656 2215 3729 cetera,
2256 3655 2352 3713 uti
2384 3667 2446 3714 85

305 3739 666 3834 sacmopus
692 3746 800 3822 sit,
823 3746 914 3804 ita
934 3751 1131 3822 agant
1155 3746 1489 3825 permittit.
1574 3746 1696 3823 Illi,
1720 3745 2004 3807 homines
2024 3721 2351 3826 militares,

307 3839 444 3901 sine
469 3831 757 3902 tumultu
787 3836 1157 3921 praesidiis
1156 3841 1481 3922 collocatis
1522 3842 1709 3903 sicuti
1746 3850 2153 3921 praeceptum
2194 3855 2350 3921 erat,
